{"id":"gen9nu-2093367358","format":"[Gen 9] NU","players":["Slowbroquaza","PranksterCat"],"log":"|j|\u2606Slowbroquaza\n|j|\u2606PranksterCat\n|t:|1711945504\n|gametype|singles\n|player|p1|Slowbroquaza|101|1106\n|player|p2|PranksterCat|roxanne|1158\n|teamsize|p1|6\n|teamsize|p2|6\n|gen|9\n|tier|[Gen 9] NU\n|rated|\n|rule|Species Clause: Limit one of each Pok\u00e9mon\n|rule|OHKO Clause: OHKO moves are banned\n|rule|Evasion Items Clause: Evasion items are banned\n|rule|Evasion Moves Clause: Evasion moves are banned\n|rule|Endless Battle Clause: Forcing endless battles is banned\n|rule|HP Percentage Mod: HP is shown in percentages\n|rule|Sleep Moves Clause: Sleep-inducing moves are banned\n|clearpoke\n|poke|p1|Espeon, M|\n|poke|p1|Swampert, M|\n|poke|p1|Emboar, F|\n|poke|p1|Rotom-Heat|\n|poke|p1|Dragalge, M|\n|poke|p1|Tsareena, F|\n|poke|p2|Arboliva, F|\n|poke|p2|Tentacruel, M|\n|poke|p2|Overqwil, F|\n|poke|p2|Infernape, M|\n|poke|p2|Vikavolt, F|\n|poke|p2|Tornadus, M|\n|teampreview\n|inactive|Battle timer is ON: inactive players will automatically lose when time's up. (requested by Slowbroquaza)\n|inactive|Slowbroquaza has 120 seconds left.\n|inactive|Slowbroquaza has 90 seconds left.\n|inactive|Slowbroquaza has 60 seconds left.\n|inactive|Slowbroquaza has 30 seconds left.\n|inactive|Slowbroquaza has 20 seconds left.\n|inactive|Slowbroquaza has 15 seconds left.\n|\n|t:|1711945642\n|start\n|switch|p1a: Rotom|Rotom-Heat|100\/100\n|switch|p2a: Tentacruel|Tentacruel, M|100\/100\n|turn|1\n|\n|t:|1711945650\n|move|p1a: Rotom|Volt Switch|p2a: Tentacruel\n|-supereffective|p2a: Tentacruel\n|-crit|p2a: Tentacruel\n|-damage|p2a: Tentacruel|50\/100\n|\n|t:|1711945655\n|switch|p1a: Espeon|Espeon, M|100\/100|[from] Volt Switch\n|move|p2a: Tentacruel|Flip Turn|p1a: Espeon\n|-damage|p1a: Espeon|72\/100\n|\n|t:|1711945660\n|switch|p2a: Overqwil|Overqwil, F|100\/100|[from] Flip Turn\n|-ability|p2a: Overqwil|Intimidate|boost\n|-unboost|p1a: Espeon|atk|1\n|\n|upkeep\n|turn|2\n|inactive|Slowbroquaza has 90 seconds left.\n|\n|t:|1711945677\n|switch|p1a: Swampert|Swampert, M|100\/100\n|move|p2a: Overqwil|Barb Barrage|p1a: Swampert\n|-resisted|p1a: Swampert\n|-damage|p1a: Swampert|92\/100\n|\n|-heal|p1a: Swampert|98\/100|[from] item: Leftovers\n|upkeep\n|turn|3\n|inactive|Slowbroquaza has 90 seconds left.\n|\n|t:|1711945686\n|switch|p2a: Tentacruel|Tentacruel, M|50\/100\n|move|p1a: Swampert|Stealth Rock|p2a: Tentacruel\n|-sidestart|p2: PranksterCat|move: Stealth Rock\n|\n|-heal|p1a: Swampert|100\/100|[from] item: Leftovers\n|upkeep\n|turn|4\n|\n|t:|1711945694\n|move|p2a: Tentacruel|Giga Drain|p1a: Swampert\n|-supereffective|p1a: Swampert\n|-damage|p1a: Swampert|45\/100\n|-heal|p2a: Tentacruel|82\/100|[from] drain|[of] p1a: Swampert\n|move|p1a: Swampert|Earthquake|p2a: Tentacruel\n|-supereffective|p2a: Tentacruel\n|-damage|p2a: Tentacruel|0 fnt\n|faint|p2a: Tentacruel\n|\n|-heal|p1a: Swampert|51\/100|[from] item: Leftovers\n|upkeep\n|\n|t:|1711945701\n|switch|p2a: Arboliva|Arboliva, F|100\/100\n|-damage|p2a: Arboliva|88\/100|[from] Stealth Rock\n|turn|5\n|\n|t:|1711945708\n|switch|p1a: Rotom|Rotom-Heat|100\/100\n|move|p2a: Arboliva|Tera Blast|p1a: Rotom\n|-damage|p1a: Rotom|47\/100\n|\n|-heal|p2a: Arboliva|94\/100|[from] item: Leftovers\n|upkeep\n|turn|6\n|\n|t:|1711945715\n|-terastallize|p2a: Arboliva|Fire\n|move|p1a: Rotom|Overheat|p2a: Arboliva\n|-resisted|p2a: Arboliva\n|-damage|p2a: Arboliva|70\/100\n|-unboost|p1a: Rotom|spa|2\n|-fieldstart|move: Grassy Terrain|[from] ability: Seed Sower|[of] p2a: Arboliva\n|move|p2a: Arboliva|Tera Blast|p1a: Rotom|[anim] Tera Blast Fire\n|-resisted|p1a: Rotom\n|-damage|p1a: Rotom|19\/100\n|\n|-heal|p2a: Arboliva|77\/100|[from] Grassy Terrain\n|-heal|p2a: Arboliva|83\/100|[from] item: Leftovers\n|upkeep\n|turn|7\n|inactive|Slowbroquaza has 120 seconds left.\n|\n|t:|1711945735\n|switch|p1a: Emboar|Emboar, F|100\/100\n|move|p2a: Arboliva|Tera Blast|p1a: Emboar|[anim] Tera Blast Fire\n|-resisted|p1a: Emboar\n|-damage|p1a: Emboar|76\/100\n|\n|-heal|p1a: Emboar|82\/100|[from] Grassy Terrain\n|-heal|p2a: Arboliva|89\/100|[from] Grassy Terrain\n|-heal|p2a: Arboliva|95\/100|[from] item: Leftovers\n|upkeep\n|turn|8\n|\n|t:|1711945740\n|move|p1a: Emboar|Close Combat|p2a: Arboliva\n|-damage|p2a: Arboliva|3\/100\n|-unboost|p1a: Emboar|def|1\n|-unboost|p1a: Emboar|spd|1\n|-damage|p1a: Emboar|72\/100|[from] item: Life Orb\n|move|p2a: Arboliva|Strength Sap|p1a: Emboar\n|-unboost|p1a: Emboar|atk|1\n|-heal|p2a: Arboliva|100\/100\n|\n|-heal|p1a: Emboar|78\/100|[from] Grassy Terrain\n|upkeep\n|turn|9\n|inactive|Slowbroquaza has 120 seconds left.\n|\n|t:|1711945753\n|switch|p1a: Dragalge|Dragalge, M|100\/100\n|move|p2a: Arboliva|Earth Power|p1a: Dragalge\n|-supereffective|p1a: Dragalge\n|-damage|p1a: Dragalge|69\/100\n|\n|-heal|p1a: Dragalge|75\/100|[from] Grassy Terrain\n|upkeep\n|turn|10\n|\n|t:|1711945758\n|move|p1a: Dragalge|Sludge Bomb|p2a: Arboliva\n|-damage|p2a: Arboliva|61\/100\n|move|p2a: Arboliva|Earth Power|p1a: Dragalge\n|-supereffective|p1a: Dragalge\n|-damage|p1a: Dragalge|42\/100\n|\n|-heal|p1a: Dragalge|48\/100|[from] Grassy Terrain\n|-heal|p2a: Arboliva|67\/100|[from] Grassy Terrain\n|-heal|p2a: Arboliva|73\/100|[from] item: Leftovers\n|-fieldend|move: Grassy Terrain\n|upkeep\n|turn|11\n|\n|t:|1711945764\n|move|p1a: Dragalge|Sludge Bomb|p2a: Arboliva\n|-damage|p2a: Arboliva|33\/100\n|-fieldstart|move: Grassy Terrain|[from] ability: Seed Sower|[of] p2a: Arboliva\n|move|p2a: Arboliva|Strength Sap|p1a: Dragalge\n|-unboost|p1a: Dragalge|atk|1\n|-heal|p2a: Arboliva|79\/100\n|\n|-heal|p1a: Dragalge|54\/100|[from] Grassy Terrain\n|-heal|p2a: Arboliva|85\/100|[from] Grassy Terrain\n|-heal|p2a: Arboliva|91\/100|[from] item: Leftovers\n|upkeep\n|turn|12\n|\n|t:|1711945771\n|move|p1a: Dragalge|Sludge Bomb|p2a: Arboliva\n|-crit|p2a: Arboliva\n|-damage|p2a: Arboliva|34\/100\n|move|p2a: Arboliva|Earth Power|p1a: Dragalge\n|-supereffective|p1a: Dragalge\n|-damage|p1a: Dragalge|23\/100\n|\n|-heal|p1a: Dragalge|29\/100|[from] Grassy Terrain\n|-heal|p2a: Arboliva|40\/100|[from] Grassy Terrain\n|-heal|p2a: Arboliva|46\/100|[from] item: Leftovers\n|upkeep\n|turn|13\n|\n|t:|1711945777\n|move|p1a: Dragalge|Sludge Bomb|p2a: Arboliva\n|-damage|p2a: Arboliva|2\/100\n|move|p2a: Arboliva|Earth Power|p1a: Dragalge\n|-supereffective|p1a: Dragalge\n|-damage|p1a: Dragalge|0 fnt\n|faint|p1a: Dragalge\n|\n|-heal|p2a: Arboliva|9\/100|[from] Grassy Terrain\n|-heal|p2a: Arboliva|15\/100|[from] item: Leftovers\n|upkeep\n|\n|t:|1711945786\n|switch|p1a: Rotom|Rotom-Heat|19\/100\n|turn|14\n|\n|t:|1711945791\n|move|p1a: Rotom|Volt Switch|p2a: Arboliva\n|-damage|p2a: Arboliva|0 fnt\n|faint|p2a: Arboliva\n|\n|t:|1711945797\n|switch|p1a: Swampert|Swampert, M|51\/100|[from] Volt Switch\n|\n|-heal|p1a: Swampert|57\/100|[from] Grassy Terrain\n|-heal|p1a: Swampert|64\/100|[from] item: Leftovers\n|upkeep\n|\n|t:|1711945801\n|switch|p2a: Overqwil|Overqwil, F|100\/100\n|-damage|p2a: Overqwil|88\/100|[from] Stealth Rock\n|-ability|p2a: Overqwil|Intimidate|boost\n|-unboost|p1a: Swampert|atk|1\n|turn|15\n|\n|t:|1711945822\n|move|p2a: Overqwil|Barb Barrage|p1a: Swampert\n|-resisted|p1a: Swampert\n|-damage|p1a: Swampert|54\/100\n|move|p1a: Swampert|Knock Off|p2a: Overqwil\n|-resisted|p2a: Overqwil\n|-damage|p2a: Overqwil|80\/100\n|-enditem|p2a: Overqwil|Leftovers|[from] move: Knock Off|[of] p1a: Swampert\n|\n|-heal|p2a: Overqwil|86\/100|[from] Grassy Terrain\n|-heal|p1a: Swampert|60\/100|[from] Grassy Terrain\n|-heal|p1a: Swampert|66\/100|[from] item: Leftovers\n|-fieldend|move: Grassy Terrain\n|upkeep\n|turn|16\n|\n|t:|1711945828\n|move|p2a: Overqwil|Spikes|p1a: Swampert\n|-sidestart|p1: Slowbroquaza|Spikes\n|move|p1a: Swampert|Earthquake|p2a: Overqwil\n|-supereffective|p2a: Overqwil\n|-damage|p2a: Overqwil|38\/100\n|\n|-heal|p1a: Swampert|73\/100|[from] item: Leftovers\n|upkeep\n|turn|17\n|\n|t:|1711945838\n|move|p2a: Overqwil|Liquidation|p1a: Swampert\n|-damage|p1a: Swampert|55\/100\n|move|p1a: Swampert|Knock Off|p2a: Overqwil\n|-resisted|p2a: Overqwil\n|-damage|p2a: Overqwil|32\/100\n|\n|-heal|p1a: Swampert|61\/100|[from] item: Leftovers\n|upkeep\n|turn|18\n|\n|t:|1711945842\n|move|p2a: Overqwil|Barb Barrage|p1a: Swampert\n|-resisted|p1a: Swampert\n|-damage|p1a: Swampert|52\/100\n|-status|p1a: Swampert|psn\n|move|p1a: Swampert|Earthquake|p2a: Overqwil\n|-supereffective|p2a: Overqwil\n|-damage|p2a: Overqwil|0 fnt\n|faint|p2a: Overqwil\n|\n|-heal|p1a: Swampert|58\/100 psn|[from] item: Leftovers\n|-damage|p1a: Swampert|46\/100 psn|[from] psn\n|upkeep\n|\n|t:|1711945850\n|switch|p2a: Tornadus|Tornadus, M|100\/100\n|-damage|p2a: Tornadus|76\/100|[from] Stealth Rock\n|turn|19\n|\n|t:|1711945856\n|move|p2a: Tornadus|Bulk Up|p2a: Tornadus\n|-boost|p2a: Tornadus|atk|1\n|-boost|p2a: Tornadus|def|1\n|move|p1a: Swampert|Knock Off|p2a: Tornadus\n|-damage|p2a: Tornadus|54\/100\n|-enditem|p2a: Tornadus|Grassy Seed|[from] move: Knock Off|[of] p1a: Swampert\n|\n|-heal|p1a: Swampert|52\/100 psn|[from] item: Leftovers\n|-damage|p1a: Swampert|39\/100 psn|[from] psn\n|upkeep\n|turn|20\n|\n|t:|1711945865\n|move|p2a: Tornadus|Acrobatics|p1a: Swampert\n|-damage|p1a: Swampert|0 fnt\n|faint|p1a: Swampert\n|\n|upkeep\n|\n|t:|1711945873\n|switch|p1a: Rotom|Rotom-Heat|19\/100\n|turn|21\n|\n|t:|1711945876\n|move|p1a: Rotom|Volt Switch|p2a: Tornadus\n|-supereffective|p2a: Tornadus\n|-damage|p2a: Tornadus|0 fnt\n|faint|p2a: Tornadus\n|\n|t:|1711945888\n|switch|p1a: Tsareena|Tsareena, F|100\/100|[from] Volt Switch\n|\n|upkeep\n|\n|t:|1711945891\n|switch|p2a: Infernape|Infernape, M|100\/100\n|-damage|p2a: Infernape|88\/100|[from] Stealth Rock\n|turn|22\n|\n|t:|1711945896\n|move|p2a: Infernape|Swords Dance|p2a: Infernape\n|-boost|p2a: Infernape|atk|2\n|move|p1a: Tsareena|Rapid Spin|p2a: Infernape\n|-damage|p2a: Infernape|60\/100\n|-boost|p1a: Tsareena|spe|1\n|-sideend|p1: Slowbroquaza|Spikes|[from] move: Rapid Spin|[of] p1a: Tsareena\n|\n|upkeep\n|turn|23\n|\n|t:|1711945917\n|move|p2a: Infernape|Fire Punch|p1a: Tsareena\n|-supereffective|p1a: Tsareena\n|-damage|p1a: Tsareena|0 fnt\n|faint|p1a: Tsareena\n|\n|upkeep\n|\n|t:|1711945925\n|switch|p1a: Rotom|Rotom-Heat|19\/100\n|turn|24\n|\n|t:|1711945931\n|move|p2a: Infernape|Mach Punch|p1a: Rotom\n|-damage|p1a: Rotom|0 fnt\n|faint|p1a: Rotom\n|\n|upkeep\n|\n|t:|1711945936\n|switch|p1a: Espeon|Espeon, M|72\/100\n|turn|25\n|\n|t:|1711945939\n|move|p2a: Infernape|Mach Punch|p1a: Espeon\n|-resisted|p1a: Espeon\n|-damage|p1a: Espeon|26\/100\n|move|p1a: Espeon|Psychic|p2a: Infernape\n|-supereffective|p2a: Infernape\n|-damage|p2a: Infernape|0 fnt\n|faint|p2a: Infernape\n|\n|upkeep\n|\n|t:|1711945942\n|switch|p2a: Vikavolt|Vikavolt, F|100\/100\n|-damage|p2a: Vikavolt|76\/100|[from] Stealth Rock\n|turn|26\n|\n|t:|1711945946\n|move|p1a: Espeon|Psychic|p2a: Vikavolt\n|-damage|p2a: Vikavolt|0 fnt\n|faint|p2a: Vikavolt\n|\n|win|Slowbroquaza\n|raw|Slowbroquaza's rating: 1127 &rarr; <strong>1154<\/strong><br \/>(+27 for winning)\n|raw|PranksterCat's rating: 1158 &rarr; <strong>1131<\/strong><br \/>(-27 for losing)\n|l|\u2606PranksterCat\n|player|p2|\n|l|\u2606Slowbroquaza\n|player|p1|\n","uploadtime":1711946226,"views":0,"formatid":"gen9nu","rating":1131,"private":0,"password":null}