{"id":"gen9nu-2093366950","format":"[Gen 9] NU","players":["Deagz","Stainedglasswitch"],"log":"|j|\u2606Deagz\n|j|\u2606Stainedglasswitch\n|t:|1711945434\n|gametype|singles\n|player|p1|Deagz|li|1118\n|player|p2|Stainedglasswitch|266|1108\n|teamsize|p1|6\n|teamsize|p2|6\n|gen|9\n|tier|[Gen 9] NU\n|rated|\n|rule|Species Clause: Limit one of each Pok\u00e9mon\n|rule|OHKO Clause: OHKO moves are banned\n|rule|Evasion Items Clause: Evasion items are banned\n|rule|Evasion Moves Clause: Evasion moves are banned\n|rule|Endless Battle Clause: Forcing endless battles is banned\n|rule|HP Percentage Mod: HP is shown in percentages\n|rule|Sleep Moves Clause: Sleep-inducing moves are banned\n|clearpoke\n|poke|p1|Ninetales, F|\n|poke|p1|Venusaur, F|\n|poke|p1|Typhlosion-Hisui, M|\n|poke|p1|Brute Bonnet|\n|poke|p1|Espeon, F|\n|poke|p1|Infernape, F|\n|poke|p2|Quagsire, F|\n|poke|p2|Dragalge, F|\n|poke|p2|Slowbro-Galar, F|\n|poke|p2|Lapras, F|\n|poke|p2|Kingdra, M|\n|poke|p2|Overqwil, M|\n|teampreview\n|inactive|Battle timer is ON: inactive players will automatically lose when time's up. (requested by Deagz)\n|inactive|Stainedglasswitch has 120 seconds left.\n|\n|t:|1711945476\n|start\n|switch|p1a: Ninetales|Ninetales, F|100\/100\n|switch|p2a: Overqwil|Overqwil, M|100\/100\n|-weather|SunnyDay|[from] ability: Drought|[of] p1a: Ninetales\n|turn|1\n|\n|t:|1711945490\n|move|p1a: Ninetales|Will-O-Wisp|p2a: Overqwil\n|-status|p2a: Overqwil|brn\n|move|p2a: Overqwil|Barb Barrage|p1a: Ninetales\n|-damage|p1a: Ninetales|72\/100\n|-status|p1a: Ninetales|psn\n|\n|-weather|SunnyDay|[upkeep]\n|-damage|p1a: Ninetales|60\/100 psn|[from] psn\n|-damage|p2a: Overqwil|95\/100 brn|[from] brn\n|upkeep\n|turn|2\n|\n|t:|1711945512\n|switch|p1a: Venusaur|Venusaur, F|100\/100\n|switch|p2a: Slowbro|Slowbro-Galar, F|100\/100\n|\n|-weather|SunnyDay|[upkeep]\n|upkeep\n|turn|3\n|\n|t:|1711945531\n|move|p1a: Venusaur|Growth|p1a: Venusaur\n|-boost|p1a: Venusaur|atk|2\n|-boost|p1a: Venusaur|spa|2\n|move|p2a: Slowbro|Trick Room|p2a: Slowbro\n|-fieldstart|move: Trick Room|[of] p2a: Slowbro\n|\n|-weather|SunnyDay|[upkeep]\n|upkeep\n|turn|4\n|inactive|Stainedglasswitch has 120 seconds left.\n|\n|t:|1711945552\n|move|p2a: Slowbro|Shell Side Arm|p1a: Venusaur|[anim] Shell Side Arm Physical\n|-crit|p1a: Venusaur\n|-damage|p1a: Venusaur|35\/100\n|-hint|Physical Shell Side Arm\n|move|p1a: Venusaur|Earth Power|p2a: Slowbro\n|-supereffective|p2a: Slowbro\n|-damage|p2a: Slowbro|0 fnt\n|faint|p2a: Slowbro\n|-damage|p1a: Venusaur|25\/100|[from] item: Life Orb\n|\n|-weather|SunnyDay|[upkeep]\n|upkeep\n|inactive|Stainedglasswitch has 120 seconds left.\n|\n|t:|1711945565\n|switch|p2a: Dragalge|Dragalge, F|100\/100\n|turn|5\n|inactive|Stainedglasswitch has 120 seconds left.\n|\n|t:|1711945583\n|move|p2a: Dragalge|Draco Meteor|p1a: Venusaur\n|-damage|p1a: Venusaur|0 fnt\n|-unboost|p2a: Dragalge|spa|2\n|faint|p1a: Venusaur\n|\n|-weather|SunnyDay|[upkeep]\n|upkeep\n|\n|t:|1711945598\n|switch|p1a: Brute Bonnet|Brute Bonnet|100\/100\n|-activate|p1a: Brute Bonnet|ability: Protosynthesis\n|-start|p1a: Brute Bonnet|protosynthesisatk\n|turn|6\n|inactive|Stainedglasswitch has 120 seconds left.\n|\n|t:|1711945631\n|move|p2a: Dragalge|Draco Meteor|p1a: Brute Bonnet\n|-damage|p1a: Brute Bonnet|67\/100\n|-unboost|p2a: Dragalge|spa|2\n|move|p1a: Brute Bonnet|Crunch|p2a: Dragalge\n|-damage|p2a: Dragalge|28\/100\n|\n|-weather|SunnyDay|[upkeep]\n|upkeep\n|turn|7\n|\n|t:|1711945644\n|switch|p2a: Quagsire|Quagsire, F, shiny|100\/100\n|move|p1a: Brute Bonnet|Sucker Punch||[still]\n|-fail|p1a: Brute Bonnet\n|\n|-weather|SunnyDay|[upkeep]\n|-fieldend|move: Trick Room\n|upkeep\n|turn|8\n|\n|t:|1711945655\n|move|p1a: Brute Bonnet|Crunch|p2a: Quagsire\n|-damage|p2a: Quagsire|53\/100\n|-damage|p1a: Brute Bonnet|50\/100|[from] item: Rocky Helmet|[of] p2a: Quagsire\n|move|p2a: Quagsire|Toxic Spikes|p1a: Brute Bonnet\n|-sidestart|p1: Deagz|move: Toxic Spikes\n|\n|-weather|none\n|-end|p1a: Brute Bonnet|Protosynthesis\n|upkeep\n|turn|9\n|\n|t:|1711945672\n|-end|p1a: Brute Bonnet|Protosynthesis|[silent]\n|switch|p1a: Ninetales|Ninetales, F|60\/100 psn\n|-weather|SunnyDay|[from] ability: Drought|[of] p1a: Ninetales\n|move|p2a: Quagsire|Toxic Spikes|p1a: Ninetales\n|-sidestart|p1: Deagz|move: Toxic Spikes\n|\n|-weather|SunnyDay|[upkeep]\n|-damage|p1a: Ninetales|48\/100 psn|[from] psn\n|upkeep\n|turn|10\n|\n|t:|1711945687\n|move|p1a: Ninetales|Encore|p2a: Quagsire\n|-start|p2a: Quagsire|Encore\n|move|p2a: Quagsire|Toxic Spikes||[still]\n|-fail|p2a: Quagsire\n|\n|-weather|SunnyDay|[upkeep]\n|-damage|p1a: Ninetales|36\/100 psn|[from] psn\n|upkeep\n|turn|11\n|\n|t:|1711945704\n|switch|p1a: Typhlosion|Typhlosion-Hisui, M|100\/100\n|-item|p2a: Quagsire|Rocky Helmet|[from] ability: Frisk|[of] p1a: Typhlosion|[identify]\n|switch|p2a: Lapras|Lapras, F, shiny|100\/100\n|\n|-weather|SunnyDay|[upkeep]\n|upkeep\n|turn|12\n|\n|t:|1711945720\n|move|p1a: Typhlosion|Eruption|p2a: Lapras\n|-damage|p2a: Lapras|33\/100\n|move|p2a: Lapras|Rain Dance|p2a: Lapras\n|-weather|RainDance\n|\n|-weather|RainDance|[upkeep]\n|upkeep\n|turn|13\n|\n|t:|1711945731\n|move|p1a: Typhlosion|Focus Blast|p2a: Lapras|[miss]\n|-miss|p1a: Typhlosion|p2a: Lapras\n|move|p2a: Lapras|Rest|p2a: Lapras\n|-status|p2a: Lapras|slp|[from] move: Rest\n|-heal|p2a: Lapras|100\/100 slp|[silent]\n|\n|-weather|RainDance|[upkeep]\n|-activate|p2a: Lapras|ability: Hydration\n|-curestatus|p2a: Lapras|slp|[msg]\n|upkeep\n|turn|14\n|\n|t:|1711945742\n|switch|p1a: Ninetales|Ninetales, F|36\/100 psn\n|-weather|SunnyDay|[from] ability: Drought|[of] p1a: Ninetales\n|move|p2a: Lapras|Brine|p1a: Ninetales\n|-supereffective|p1a: Ninetales\n|-damage|p1a: Ninetales|0 fnt\n|faint|p1a: Ninetales\n|\n|-weather|SunnyDay|[upkeep]\n|upkeep\n|\n|t:|1711945749\n|switch|p1a: Typhlosion|Typhlosion-Hisui, M|100\/100\n|-item|p2a: Lapras|Damp Rock|[from] ability: Frisk|[of] p1a: Typhlosion|[identify]\n|turn|15\n|\n|t:|1711945754\n|-terastallize|p1a: Typhlosion|Fighting\n|move|p1a: Typhlosion|Focus Blast|p2a: Lapras\n|-supereffective|p2a: Lapras\n|-damage|p2a: Lapras|31\/100\n|move|p2a: Lapras|Rain Dance|p2a: Lapras\n|-weather|RainDance\n|\n|-weather|RainDance|[upkeep]\n|upkeep\n|turn|16\n|\n|t:|1711945776\n|switch|p2a: Overqwil|Overqwil, M|95\/100 brn\n|move|p1a: Typhlosion|Eruption|p2a: Overqwil\n|-damage|p2a: Overqwil|39\/100 brn\n|\n|-weather|RainDance|[upkeep]\n|-damage|p2a: Overqwil|33\/100 brn|[from] brn\n|upkeep\n|turn|17\n|\n|t:|1711945789\n|-terastallize|p2a: Overqwil|Water\n|move|p2a: Overqwil|Liquidation|p1a: Typhlosion\n|-damage|p1a: Typhlosion|25\/100\n|move|p1a: Typhlosion|Eruption|p2a: Overqwil\n|-resisted|p2a: Overqwil\n|-damage|p2a: Overqwil|27\/100 brn\n|\n|-weather|RainDance|[upkeep]\n|-damage|p2a: Overqwil|21\/100 brn|[from] brn\n|upkeep\n|turn|18\n|\n|t:|1711945798\n|move|p2a: Overqwil|Liquidation|p1a: Typhlosion\n|-damage|p1a: Typhlosion|0 fnt\n|faint|p1a: Typhlosion\n|\n|-weather|RainDance|[upkeep]\n|-damage|p2a: Overqwil|15\/100 brn|[from] brn\n|upkeep\n|\n|t:|1711945806\n|switch|p1a: Brute Bonnet|Brute Bonnet|50\/100\n|-status|p1a: Brute Bonnet|tox\n|turn|19\n|\n|t:|1711945810\n|switch|p2a: Dragalge|Dragalge, F|28\/100\n|move|p1a: Brute Bonnet|Sucker Punch||[still]\n|-fail|p1a: Brute Bonnet\n|\n|-weather|RainDance|[upkeep]\n|-damage|p1a: Brute Bonnet|44\/100 tox|[from] psn\n|upkeep\n|turn|20\n|\n|t:|1711945822\n|switch|p2a: Quagsire|Quagsire, F, shiny|53\/100\n|move|p1a: Brute Bonnet|Crunch|p2a: Quagsire\n|-damage|p2a: Quagsire|18\/100\n|-unboost|p2a: Quagsire|def|1\n|-damage|p1a: Brute Bonnet|28\/100 tox|[from] item: Rocky Helmet|[of] p2a: Quagsire\n|\n|-weather|RainDance|[upkeep]\n|-damage|p1a: Brute Bonnet|15\/100 tox|[from] psn\n|upkeep\n|turn|21\n|\n|t:|1711945837\n|move|p1a: Brute Bonnet|Crunch|p2a: Quagsire\n|-damage|p2a: Quagsire|0 fnt\n|-damage|p1a: Brute Bonnet|0 fnt|[from] item: Rocky Helmet|[of] p2a: Quagsire\n|faint|p2a: Quagsire\n|faint|p1a: Brute Bonnet\n|-end|p1a: Brute Bonnet|Protosynthesis|[silent]\n|\n|-weather|RainDance|[upkeep]\n|upkeep\n|\n|t:|1711945844\n|switch|p1a: Espeon|Espeon, F|100\/100\n|switch|p2a: Overqwil|Overqwil, M, tera:Water|15\/100 brn\n|-status|p1a: Espeon|tox\n|turn|22\n|\n|t:|1711945850\n|move|p2a: Overqwil|Barb Barrage|p1a: Espeon\n|-damage|p1a: Espeon|34\/100 tox\n|-enditem|p1a: Espeon|Eject Button\n|\n|t:|1711945853\n|switch|p1a: Infernape|Infernape, F|100\/100\n|-status|p1a: Infernape|tox\n|\n|-weather|none\n|-damage|p1a: Infernape|94\/100 tox|[from] psn\n|-damage|p2a: Overqwil|9\/100 brn|[from] brn\n|upkeep\n|turn|23\n|\n|t:|1711945861\n|move|p1a: Infernape|Close Combat|p2a: Overqwil\n|-damage|p2a: Overqwil|0 fnt\n|-unboost|p1a: Infernape|def|1\n|-unboost|p1a: Infernape|spd|1\n|faint|p2a: Overqwil\n|\n|-damage|p1a: Infernape|82\/100 tox|[from] psn\n|upkeep\n|\n|t:|1711945870\n|switch|p2a: Kingdra|Kingdra, M, shiny|100\/100\n|turn|24\n|\n|t:|1711945880\n|move|p1a: Infernape|Close Combat|p2a: Kingdra\n|-damage|p2a: Kingdra|41\/100\n|-unboost|p1a: Infernape|def|1\n|-unboost|p1a: Infernape|spd|1\n|move|p2a: Kingdra|Agility|p2a: Kingdra\n|-boost|p2a: Kingdra|spe|2\n|\n|-damage|p1a: Infernape|64\/100 tox|[from] psn\n|upkeep\n|turn|25\n|\n|t:|1711945893\n|switch|p1a: Espeon|Espeon, F|34\/100 tox\n|move|p2a: Kingdra|Surf|p1a: Espeon\n|-crit|p1a: Espeon\n|-damage|p1a: Espeon|0 fnt\n|faint|p1a: Espeon\n|\n|upkeep\n|\n|t:|1711945895\n|switch|p1a: Infernape|Infernape, F|64\/100 tox\n|turn|26\n|\n|t:|1711945901\n|move|p1a: Infernape|Mach Punch|p2a: Kingdra\n|-damage|p2a: Kingdra|15\/100\n|move|p2a: Kingdra|Surf|p1a: Infernape\n|-supereffective|p1a: Infernape\n|-damage|p1a: Infernape|0 fnt\n|faint|p1a: Infernape\n|\n|win|Stainedglasswitch\n|raw|Deagz's rating: 1118 &rarr; <strong>1092<\/strong><br \/>(-26 for losing)\n|raw|Stainedglasswitch's rating: 1108 &rarr; <strong>1134<\/strong><br \/>(+26 for winning)\n|l|\u2606Deagz\n|player|p1|\n|l|\u2606Stainedglasswitch\n|player|p2|\n","uploadtime":1711946226,"views":0,"formatid":"gen9nu","rating":1092,"private":0,"password":null}