{"id":"gen9nu-2093373405","format":"[Gen 9] NU","players":["UnBooosted","KungFuPunch"],"log":"|j|\u2606UnBooosted\n|j|\u2606KungFuPunch\n|t:|1711946513\n|gametype|singles\n|player|p1|UnBooosted|zinnia|1130\n|player|p2|KungFuPunch|2|1196\n|teamsize|p1|6\n|teamsize|p2|6\n|gen|9\n|tier|[Gen 9] NU\n|rated|\n|rule|Species Clause: Limit one of each Pok\u00e9mon\n|rule|OHKO Clause: OHKO moves are banned\n|rule|Evasion Items Clause: Evasion items are banned\n|rule|Evasion Moves Clause: Evasion moves are banned\n|rule|Endless Battle Clause: Forcing endless battles is banned\n|rule|HP Percentage Mod: HP is shown in percentages\n|rule|Sleep Moves Clause: Sleep-inducing moves are banned\n|clearpoke\n|poke|p1|Gallade, M|\n|poke|p1|Flygon, F|\n|poke|p1|Galvantula, F|\n|poke|p1|Torterra, M|\n|poke|p1|Espeon, F|\n|poke|p1|Oricorio-Sensu, F|\n|poke|p2|Krookodile, F|\n|poke|p2|Milotic, M|\n|poke|p2|Galvantula, F|\n|poke|p2|Ambipom, F|\n|poke|p2|Gallade, M|\n|poke|p2|Cloyster, F|\n|teampreview\n|\n|t:|1711946524\n|start\n|switch|p1a: Galvantula|Galvantula, F|100\/100\n|switch|p2a: Ambipom|Ambipom, F|100\/100\n|turn|1\n|\n|t:|1711946530\n|move|p2a: Ambipom|Fake Out|p1a: Galvantula\n|-damage|p1a: Galvantula|42\/100\n|cant|p1a: Galvantula|flinch\n|\n|upkeep\n|turn|2\n|\n|t:|1711946540\n|move|p2a: Ambipom|Double Hit|p1a: Galvantula\n|-damage|p1a: Galvantula|0 fnt\n|faint|p1a: Galvantula\n|-hitcount|p1: Galvantula|1\n|\n|upkeep\n|\n|t:|1711946547\n|switch|p1a: Torterra|Torterra, M|100\/100\n|turn|3\n|\n|t:|1711946553\n|move|p2a: Ambipom|Triple Axel|p1a: Torterra\n|-supereffective|p1a: Torterra\n|-damage|p1a: Torterra|67\/100\n|-supereffective|p1a: Torterra\n|-damage|p1a: Torterra|0 fnt\n|faint|p1a: Torterra\n|-hitcount|p1: Torterra|2\n|\n|upkeep\n|\n|t:|1711946563\n|switch|p1a: Gallade|Gallade, M, shiny|100\/100\n|turn|4\n|\n|t:|1711946573\n|switch|p2a: Cloyster|Cloyster, F|100\/100\n|move|p1a: Gallade|Sacred Sword|p2a: Cloyster\n|-supereffective|p2a: Cloyster\n|-enditem|p2a: Cloyster|Focus Sash\n|-damage|p2a: Cloyster|1\/100\n|\n|upkeep\n|turn|5\n|\n|t:|1711946576\n|move|p2a: Cloyster|Ice Shard|p1a: Gallade\n|-damage|p1a: Gallade|73\/100\n|move|p1a: Gallade|Sacred Sword|p2a: Cloyster\n|-supereffective|p2a: Cloyster\n|-damage|p2a: Cloyster|0 fnt\n|faint|p2a: Cloyster\n|\n|upkeep\n|\n|t:|1711946581\n|switch|p2a: Ambipom|Ambipom, F|100\/100\n|turn|6\n|\n|t:|1711946593\n|switch|p1a: Oricorio|Oricorio-Sensu, F|100\/100\n|-terastallize|p2a: Ambipom|Normal\n|move|p2a: Ambipom|Double Hit|p1a: Oricorio\n|-immune|p1a: Oricorio\n|\n|upkeep\n|turn|7\n|\n|t:|1711946610\n|-terastallize|p1a: Oricorio|Fighting\n|move|p2a: Ambipom|Triple Axel|p1a: Oricorio\n|-damage|p1a: Oricorio|85\/100\n|-damage|p1a: Oricorio|57\/100\n|-damage|p1a: Oricorio|16\/100\n|-hitcount|p1a: Oricorio|3\n|move|p1a: Oricorio|Revelation Dance|p2a: Ambipom\n|-supereffective|p2a: Ambipom\n|-damage|p2a: Ambipom|0 fnt\n|faint|p2a: Ambipom\n|\n|upkeep\n|\n|t:|1711946632\n|switch|p2a: Krookodile|Krookodile, F|100\/100\n|turn|8\n|\n|t:|1711946682\n|move|p2a: Krookodile|Knock Off|p1a: Oricorio\n|-resisted|p1a: Oricorio\n|-damage|p1a: Oricorio|0 fnt\n|-enditem|p1a: Oricorio|Heavy-Duty Boots|[from] move: Knock Off|[of] p2a: Krookodile\n|faint|p1a: Oricorio\n|-ability|p2a: Krookodile|Moxie|boost\n|-boost|p2a: Krookodile|atk|1\n|\n|upkeep\n|\n|t:|1711946691\n|switch|p1a: Gallade|Gallade, M, shiny|73\/100\n|turn|9\n|\n|t:|1711946694\n|move|p2a: Krookodile|Knock Off|p1a: Gallade\n|-damage|p1a: Gallade|0 fnt\n|-enditem|p1a: Gallade|Expert Belt|[from] move: Knock Off|[of] p2a: Krookodile\n|faint|p1a: Gallade\n|-ability|p2a: Krookodile|Moxie|boost\n|-boost|p2a: Krookodile|atk|1\n|\n|upkeep\n|\n|t:|1711946699\n|switch|p1a: Espeon|Espeon, F|100\/100\n|turn|10\n|\n|t:|1711946702\n|move|p2a: Krookodile|Knock Off|p1a: Espeon\n|-supereffective|p1a: Espeon\n|-damage|p1a: Espeon|0 fnt\n|-enditem|p1a: Espeon|Leftovers|[from] move: Knock Off|[of] p2a: Krookodile\n|faint|p1a: Espeon\n|-ability|p2a: Krookodile|Moxie|boost\n|-boost|p2a: Krookodile|atk|1\n|\n|upkeep\n|l|\u2606UnBooosted\n|player|p1|\n|inactive|Battle timer is ON: inactive players will automatically lose when time's up. (requested by KungFuPunch)\n|inactive|UnBooosted has 30 seconds to reconnect!\n|inactive|UnBooosted has 20 seconds to reconnect!\n|inactive|UnBooosted has 15 seconds to reconnect!\n|inactive|UnBooosted has 10 seconds to reconnect!\n|inactive|UnBooosted has 5 seconds to reconnect!\n|-message|UnBooosted lost due to inactivity.\n|\n|win|KungFuPunch\n|raw|UnBooosted's rating: 1130 &rarr; <strong>1110<\/strong><br \/>(-20 for losing)\n|raw|KungFuPunch's rating: 1196 &rarr; <strong>1216<\/strong><br \/>(+20 for winning)\n","uploadtime":1711947176,"views":0,"formatid":"gen9nu","rating":1110,"private":0,"password":null}