{"id":"gen9nu-2093326241","format":"[Gen 9] NU","players":["Chad Ukraine","O Cego do Castelo"],"log":"|j|\u2606Chad Ukraine\n|j|\u2606O Cego do Castelo\n|t:|1711939675\n|gametype|singles\n|player|p1|Chad Ukraine|pokemonranger|1251\n|player|p2|O Cego do Castelo|morty-masters|1339\n|teamsize|p1|6\n|teamsize|p2|6\n|gen|9\n|tier|[Gen 9] NU\n|rated|\n|rule|Species Clause: Limit one of each Pok\u00e9mon\n|rule|OHKO Clause: OHKO moves are banned\n|rule|Evasion Items Clause: Evasion items are banned\n|rule|Evasion Moves Clause: Evasion moves are banned\n|rule|Endless Battle Clause: Forcing endless battles is banned\n|rule|HP Percentage Mod: HP is shown in percentages\n|rule|Sleep Moves Clause: Sleep-inducing moves are banned\n|clearpoke\n|poke|p1|Lucario, M|\n|poke|p1|Lycanroc-Dusk, F|\n|poke|p1|Thundurus, M|\n|poke|p1|Mew|\n|poke|p1|Overqwil, F|\n|poke|p1|Cloyster, M|\n|poke|p2|Cacturne, M|\n|poke|p2|Mew|\n|poke|p2|Cramorant, F|\n|poke|p2|Munkidori, M|\n|poke|p2|Krookodile, M|\n|poke|p2|Rotom-Heat|\n|teampreview\n|inactive|Battle timer is ON: inactive players will automatically lose when time's up. (requested by O Cego do Castelo)\n|\n|t:|1711939683\n|start\n|switch|p1a: Mew|Mew|100\/100\n|switch|p2a: Dingodile|Krookodile, M, shiny|100\/100\n|-ability|p2a: Dingodile|Intimidate|boost\n|-unboost|p1a: Mew|atk|1\n|turn|1\n|\n|t:|1711939691\n|move|p1a: Mew|Stealth Rock|p2a: Dingodile\n|-sidestart|p2: O Cego do Castelo|move: Stealth Rock\n|move|p2a: Dingodile|Knock Off|p1a: Mew\n|-supereffective|p1a: Mew\n|-damage|p1a: Mew|14\/100\n|-enditem|p1a: Mew|Power Herb|[from] move: Knock Off|[of] p2a: Dingodile\n|\n|upkeep\n|turn|2\n|\n|t:|1711939697\n|move|p1a: Mew|Earth Power|p2a: Dingodile\n|-damage|p2a: Dingodile|67\/100\n|-unboost|p2a: Dingodile|spd|1\n|move|p2a: Dingodile|Knock Off|p1a: Mew\n|-supereffective|p1a: Mew\n|-damage|p1a: Mew|0 fnt\n|faint|p1a: Mew\n|\n|-heal|p2a: Dingodile|73\/100|[from] item: Leftovers\n|upkeep\n|inactive|Chad Ukraine has 120 seconds left.\n|\n|t:|1711939743\n|switch|p1a: Cloyster|Cloyster, M|100\/100\n|turn|3\n|\n|t:|1711939752\n|-terastallize|p1a: Cloyster|Electric\n|move|p2a: Dingodile|Knock Off|p1a: Cloyster\n|-damage|p1a: Cloyster|63\/100\n|-enditem|p1a: Cloyster|Heavy-Duty Boots|[from] move: Knock Off|[of] p2a: Dingodile\n|move|p1a: Cloyster|Shell Smash|p1a: Cloyster\n|-unboost|p1a: Cloyster|def|1\n|-unboost|p1a: Cloyster|spd|1\n|-boost|p1a: Cloyster|atk|2\n|-boost|p1a: Cloyster|spa|2\n|-boost|p1a: Cloyster|spe|2\n|\n|-heal|p2a: Dingodile|79\/100|[from] item: Leftovers\n|upkeep\n|turn|4\n|\n|t:|1711939764\n|switch|p2a: Brastemp|Rotom-Heat, shiny|100\/100\n|move|p1a: Cloyster|Icicle Spear|p2a: Brastemp\n|-resisted|p2a: Brastemp\n|-damage|p2a: Brastemp|92\/100\n|-resisted|p2a: Brastemp\n|-damage|p2a: Brastemp|84\/100\n|-resisted|p2a: Brastemp\n|-crit|p2a: Brastemp\n|-damage|p2a: Brastemp|71\/100\n|-resisted|p2a: Brastemp\n|-crit|p2a: Brastemp\n|-damage|p2a: Brastemp|59\/100\n|-resisted|p2a: Brastemp\n|-damage|p2a: Brastemp|49\/100\n|-hitcount|p2a: Brastemp|5\n|\n|upkeep\n|turn|5\n|\n|t:|1711939779\n|-terastallize|p2a: Brastemp|Steel\n|move|p1a: Cloyster|Rock Blast|p2a: Brastemp|[miss]\n|-miss|p1a: Cloyster|p2a: Brastemp\n|move|p2a: Brastemp|Overheat|p1a: Cloyster\n|-damage|p1a: Cloyster|0 fnt\n|-unboost|p2a: Brastemp|spa|2\n|faint|p1a: Cloyster\n|\n|upkeep\n|inactive|Chad Ukraine has 90 seconds left.\n|\n|t:|1711939813\n|switch|p1a: Thundurus|Thundurus, M|100\/100\n|turn|6\n|\n|t:|1711939821\n|move|p1a: Thundurus|Nasty Plot|p1a: Thundurus\n|-boost|p1a: Thundurus|spa|2\n|move|p2a: Brastemp|Pain Split|p1a: Thundurus\n|-sethp|p1a: Thundurus|75\/100|[from] move: Pain Split|[silent]\n|-sethp|p2a: Brastemp|74\/100|[from] move: Pain Split\n|\n|upkeep\n|turn|7\n|\n|t:|1711939829\n|switch|p2a: 1000|Mew|100\/100\n|-damage|p2a: 1000|88\/100|[from] Stealth Rock\n|move|p1a: Thundurus|Nasty Plot|p1a: Thundurus\n|-boost|p1a: Thundurus|spa|2\n|\n|-heal|p2a: 1000|94\/100|[from] item: Leftovers\n|upkeep\n|turn|8\n|\n|t:|1711939839\n|move|p1a: Thundurus|Thunderbolt|p2a: 1000\n|-damage|p2a: 1000|0 fnt\n|faint|p2a: 1000\n|\n|upkeep\n|\n|t:|1711939846\n|switch|p2a: Mamaco|Munkidori, M|100\/100\n|-damage|p2a: Mamaco|88\/100|[from] Stealth Rock\n|turn|9\n|\n|t:|1711939853\n|move|p2a: Mamaco|U-turn|p1a: Thundurus\n|-resisted|p1a: Thundurus\n|-damage|p1a: Thundurus|67\/100\n|-status|p1a: Thundurus|tox|[from] ability: Toxic Chain|[of] p2a: Mamaco\n|\n|t:|1711939861\n|switch|p2a: Brastemp|Rotom-Heat, shiny, tera:Steel|74\/100|[from] U-turn\n|move|p1a: Thundurus|Thunderbolt|p2a: Brastemp\n|-damage|p2a: Brastemp|0 fnt\n|faint|p2a: Brastemp\n|\n|-damage|p1a: Thundurus|61\/100 tox|[from] psn\n|upkeep\n|\n|t:|1711939872\n|switch|p2a: Mamaco|Munkidori, M|88\/100\n|-damage|p2a: Mamaco|76\/100|[from] Stealth Rock\n|turn|10\n|\n|t:|1711939880\n|move|p2a: Mamaco|Sludge Wave|p1a: Thundurus\n|-damage|p1a: Thundurus|0 fnt\n|faint|p1a: Thundurus\n|\n|upkeep\n|\n|t:|1711939894\n|switch|p1a: Overqwil|Overqwil, F|100\/100\n|-ability|p1a: Overqwil|Intimidate|boost\n|-unboost|p2a: Mamaco|atk|1\n|turn|11\n|\n|t:|1711939900\n|switch|p2a: Dingodile|Krookodile, M, shiny|79\/100\n|-damage|p2a: Dingodile|73\/100|[from] Stealth Rock\n|-ability|p2a: Dingodile|Intimidate|boost\n|-unboost|p1a: Overqwil|atk|1\n|move|p1a: Overqwil|Crunch|p2a: Dingodile\n|-resisted|p2a: Dingodile\n|-damage|p2a: Dingodile|57\/100\n|\n|-heal|p2a: Dingodile|63\/100|[from] item: Leftovers\n|upkeep\n|turn|12\n|\n|t:|1711939909\n|move|p1a: Overqwil|Aqua Jet|p2a: Dingodile\n|-supereffective|p2a: Dingodile\n|-damage|p2a: Dingodile|40\/100\n|move|p2a: Dingodile|Earthquake|p1a: Overqwil\n|-supereffective|p1a: Overqwil\n|-damage|p1a: Overqwil|0 fnt\n|faint|p1a: Overqwil\n|\n|-heal|p2a: Dingodile|46\/100|[from] item: Leftovers\n|upkeep\n|\n|t:|1711939925\n|switch|p1a: Lucario|Lucario, M|100\/100\n|-item|p1a: Lucario|Air Balloon\n|turn|13\n|\n|t:|1711939939\n|switch|p2a: Passaralho|Cramorant, F|100\/100\n|move|p1a: Lucario|Close Combat|p2a: Passaralho\n|-resisted|p2a: Passaralho\n|-damage|p2a: Passaralho|55\/100\n|-unboost|p1a: Lucario|def|1\n|-unboost|p1a: Lucario|spd|1\n|\n|upkeep\n|turn|14\n|\n|t:|1711939948\n|move|p1a: Lucario|Extreme Speed|p2a: Passaralho\n|-damage|p2a: Passaralho|15\/100\n|move|p2a: Passaralho|Surf|p1a: Lucario\n|-formechange|p2a: Passaralho|Cramorant-Gorging|\n|-damage|p1a: Lucario|31\/100\n|-enditem|p1a: Lucario|Air Balloon\n|\n|upkeep\n|turn|15\n|\n|t:|1711939957\n|move|p1a: Lucario|Extreme Speed|p2a: Passaralho\n|-damage|p2a: Passaralho|0 fnt\n|-damage|p1a: Lucario|6\/100|[from] ability: Gulp Missile|[of] p2a: Passaralho\n|-status|p1a: Lucario|par\n|-formechange|p2a: Passaralho|Cramorant|\n|faint|p2a: Passaralho\n|\n|upkeep\n|\n|t:|1711939965\n|switch|p2a: Mamaco|Munkidori, M|76\/100\n|-damage|p2a: Mamaco|64\/100|[from] Stealth Rock\n|turn|16\n|\n|t:|1711939968\n|move|p1a: Lucario|Extreme Speed|p2a: Mamaco\n|-damage|p2a: Mamaco|25\/100\n|move|p2a: Mamaco|Psychic|p1a: Lucario\n|-damage|p1a: Lucario|0 fnt\n|faint|p1a: Lucario\n|\n|upkeep\n|\n|t:|1711939974\n|switch|p1a: Lycanroc|Lycanroc-Dusk, F|100\/100\n|turn|17\n|\n|t:|1711939979\n|move|p1a: Lycanroc|Sucker Punch|p2a: Mamaco\n|-supereffective|p2a: Mamaco\n|-damage|p2a: Mamaco|0 fnt\n|faint|p2a: Mamaco\n|-damage|p1a: Lycanroc|91\/100|[from] item: Life Orb\n|\n|upkeep\n|\n|t:|1711939982\n|switch|p2a: Dingodile|Krookodile, M, shiny|46\/100\n|-damage|p2a: Dingodile|40\/100|[from] Stealth Rock\n|-ability|p2a: Dingodile|Intimidate|boost\n|-unboost|p1a: Lycanroc|atk|1\n|turn|18\n|inactive|Chad Ukraine has 120 seconds left.\n|\n|t:|1711940016\n|move|p1a: Lycanroc|Close Combat|p2a: Dingodile\n|-supereffective|p2a: Dingodile\n|-damage|p2a: Dingodile|0 fnt\n|-unboost|p1a: Lycanroc|def|1\n|-unboost|p1a: Lycanroc|spd|1\n|faint|p2a: Dingodile\n|-damage|p1a: Lycanroc|81\/100|[from] item: Life Orb\n|\n|upkeep\n|\n|t:|1711940019\n|switch|p2a: SORRISO|Cacturne, M|100\/100\n|-damage|p2a: SORRISO|88\/100|[from] Stealth Rock\n|turn|19\n|\n|t:|1711940027\n|move|p2a: SORRISO|Sucker Punch|p1a: Lycanroc\n|-damage|p1a: Lycanroc|0 fnt\n|faint|p1a: Lycanroc\n|\n|win|O Cego do Castelo\n|raw|Chad Ukraine's rating: 1251 &rarr; <strong>1232<\/strong><br \/>(-19 for losing)\n|raw|O Cego do Castelo's rating: 1339 &rarr; <strong>1354<\/strong><br \/>(+15 for winning)\n","uploadtime":1711940032,"views":4,"formatid":"gen9nu","rating":1232,"private":0,"password":null}