{"id":"gen9nu-2093373148","format":"[Gen 9] NU","players":["distortedice","Rival Andrew"],"log":"|j|\u2606distortedice\n|j|\u2606Rival Andrew\n|t:|1711946464\n|gametype|singles\n|player|p1|distortedice|lady-gen4|1244\n|player|p2|Rival Andrew|silver-masters|1315\n|teamsize|p1|6\n|teamsize|p2|6\n|gen|9\n|tier|[Gen 9] NU\n|rated|\n|rule|Species Clause: Limit one of each Pok\u00e9mon\n|rule|OHKO Clause: OHKO moves are banned\n|rule|Evasion Items Clause: Evasion items are banned\n|rule|Evasion Moves Clause: Evasion moves are banned\n|rule|Endless Battle Clause: Forcing endless battles is banned\n|rule|HP Percentage Mod: HP is shown in percentages\n|rule|Sleep Moves Clause: Sleep-inducing moves are banned\n|clearpoke\n|poke|p1|Umbreon, F|\n|poke|p1|Flygon, F|\n|poke|p1|Swampert, M|\n|poke|p1|Dragalge, M|\n|poke|p1|Sylveon, F|\n|poke|p1|Mew|\n|poke|p2|Minior-Violet|\n|poke|p2|Tsareena, F|\n|poke|p2|Weezing, F|\n|poke|p2|Gligar, M|\n|poke|p2|Espeon, M|\n|poke|p2|Umbreon, M|\n|teampreview\n|inactive|Battle timer is ON: inactive players will automatically lose when time's up. (requested by distortedice)\n|\n|t:|1711946482\n|start\n|switch|p1a: Snake|Sylveon, F|100\/100\n|switch|p2a: Blooper|Gligar, M, shiny|100\/100\n|turn|1\n|inactive|distortedice has 120 seconds left.\n|\n|t:|1711946515\n|move|p2a: Blooper|Stealth Rock|p1a: Snake\n|-sidestart|p1: distortedice|move: Stealth Rock\n|move|p1a: Snake|Hyper Voice|p2a: Blooper\n|-damage|p2a: Blooper|34\/100\n|\n|upkeep\n|turn|2\n|\n|t:|1711946534\n|switch|p2a: Chanel|Weezing, F, shiny|100\/100\n|-ability|p2a: Chanel|Neutralizing Gas\n|move|p1a: Snake|Hyper Voice|p2a: Chanel\n|-crit|p2a: Chanel\n|-damage|p2a: Chanel|4\/100\n|\n|upkeep\n|turn|3\n|\n|t:|1711946547\n|move|p1a: Snake|Hyper Voice|p2a: Chanel\n|-damage|p2a: Chanel|0 fnt\n|faint|p2a: Chanel\n|-end|p2a: Chanel|ability: Neutralizing Gas\n|\n|upkeep\n|\n|t:|1711946563\n|switch|p2a: Nebula|Minior-Violet, shiny|100\/100\n|-formechange|p2a: Nebula|Minior-Meteor||[from] ability: Shields Down\n|turn|4\n|\n|t:|1711946570\n|move|p2a: Nebula|Shell Smash|p2a: Nebula\n|-unboost|p2a: Nebula|def|1\n|-unboost|p2a: Nebula|spd|1\n|-boost|p2a: Nebula|atk|2\n|-boost|p2a: Nebula|spa|2\n|-boost|p2a: Nebula|spe|2\n|-enditem|p2a: Nebula|White Herb\n|-clearnegativeboost|p2a: Nebula|[silent]\n|move|p1a: Snake|Hyper Voice|p2a: Nebula\n|-damage|p2a: Nebula|1\/100\n|\n|-formechange|p2a: Nebula|Minior-Violet||[from] ability: Shields Down\n|upkeep\n|turn|5\n|\n|t:|1711946584\n|-terastallize|p2a: Nebula|Flying\n|move|p2a: Nebula|Acrobatics|p1a: Snake\n|-damage|p1a: Snake|0 fnt\n|faint|p1a: Snake\n|\n|upkeep\n|\n|t:|1711946612\n|switch|p1a: Flygon|Flygon, F|100\/100\n|-damage|p1a: Flygon|95\/100|[from] Stealth Rock\n|turn|6\n|\n|t:|1711946630\n|move|p1a: Flygon|First Impression|p2a: Nebula\n|-resisted|p2a: Nebula\n|-crit|p2a: Nebula\n|-damage|p2a: Nebula|0 fnt\n|faint|p2a: Nebula\n|-damage|p1a: Flygon|85\/100|[from] item: Life Orb\n|\n|upkeep\n|\n|t:|1711946637\n|switch|p2a: Poison Thighvy|Tsareena, F, shiny|100\/100\n|turn|7\n|\n|t:|1711946647\n|switch|p1a: Swampert|Swampert, M|100\/100\n|-damage|p1a: Swampert|94\/100|[from] Stealth Rock\n|move|p2a: Poison Thighvy|Triple Axel|p1a: Swampert|[miss]\n|-miss|p2a: Poison Thighvy|p1a: Swampert\n|\n|-heal|p1a: Swampert|100\/100|[from] item: Leftovers\n|upkeep\n|turn|8\n|\n|t:|1711946659\n|move|p2a: Poison Thighvy|Power Whip|p1a: Swampert\n|-supereffective|p1a: Swampert\n|-damage|p1a: Swampert|0 fnt\n|faint|p1a: Swampert\n|\n|upkeep\n|\n|t:|1711946665\n|switch|p1a: Dragalge|Dragalge, M|100\/100\n|-damage|p1a: Dragalge|88\/100|[from] Stealth Rock\n|turn|9\n|\n|t:|1711946667\n|move|p2a: Poison Thighvy|Triple Axel|p1a: Dragalge\n|-supereffective|p1a: Dragalge\n|-damage|p1a: Dragalge|71\/100\n|-supereffective|p1a: Dragalge\n|-damage|p1a: Dragalge|37\/100\n|-supereffective|p1a: Dragalge\n|-crit|p1a: Dragalge\n|-damage|p1a: Dragalge|0 fnt\n|faint|p1a: Dragalge\n|-hitcount|p1: Dragalge|3\n|\n|upkeep\n|-message|distortedice forfeited.\n|\n|win|Rival Andrew\n|raw|distortedice's rating: 1244 &rarr; <strong>1224<\/strong><br \/>(-20 for losing)\n|raw|Rival Andrew's rating: 1315 &rarr; <strong>1331<\/strong><br \/>(+16 for winning)\n|l|\u2606distortedice\n|player|p1|\n|l|\u2606Rival Andrew\n|player|p2|\n","uploadtime":1711947040,"views":0,"formatid":"gen9nu","rating":1224,"private":0,"password":null}