|j|☆byanar
|j|☆Pokemon League 6
|t:|1711944802
|gametype|singles
|player|p1|byanar|rosa|1190
|player|p2|Pokemon League 6|ruinmaniac|1336
|teamsize|p1|6
|teamsize|p2|6
|gen|9
|tier|[Gen 9] NU
|rated|
|rule|Species Clause: Limit one of each Pokémon
|rule|OHKO Clause: OHKO moves are banned
|rule|Evasion Items Clause: Evasion items are banned
|rule|Evasion Moves Clause: Evasion moves are banned
|rule|Endless Battle Clause: Forcing endless battles is banned
|rule|HP Percentage Mod: HP is shown in percentages
|rule|Sleep Moves Clause: Sleep-inducing moves are banned
|clearpoke
|poke|p1|Gastrodon-East, M|
|poke|p1|Thundurus, M|
|poke|p1|Drednaw, F|
|poke|p1|Arcanine, M|
|poke|p1|Hitmontop, M|
|poke|p1|Mienshao, M|
|poke|p2|Talonflame, M|
|poke|p2|Shaymin|
|poke|p2|Mew|
|poke|p2|Whimsicott, M|
|poke|p2|Infernape, M|
|poke|p2|Minior|
|teampreview
|inactive|Battle timer is ON: inactive players will automatically lose when time's up. (requested by byanar)
|
|t:|1711944814
|start
|switch|p1a: Thundurus|Thundurus, M|100/100
|switch|p2a: Infernape|Infernape, M, shiny|100/100
|turn|1
|
|t:|1711944820
|move|p1a: Thundurus|Volt Switch|p2a: Infernape
|-damage|p2a: Infernape|12/100
|
|t:|1711944821
|switch|p1a: Hitmontop|Hitmontop, M|100/100|[from] Volt Switch
|-ability|p1a: Hitmontop|Intimidate|boost
|-unboost|p2a: Infernape|atk|1
|move|p2a: Infernape|Flare Blitz|p1a: Hitmontop
|-damage|p1a: Hitmontop|54/100
|-damage|p2a: Infernape|0 fnt|[from] Recoil
|faint|p2a: Infernape
|
|-heal|p1a: Hitmontop|60/100|[from] item: Leftovers
|upkeep
|
|t:|1711944833
|switch|p2a: Talonflame|Talonflame, M, shiny|100/100
|turn|2
|
|t:|1711944837
|switch|p1a: Gastrodon|Gastrodon-East, M|100/100
|move|p2a: Talonflame|Air Slash|p1a: Gastrodon
|-damage|p1a: Gastrodon|82/100
|
|-heal|p1a: Gastrodon|88/100|[from] item: Leftovers
|upkeep
|turn|3
|
|t:|1711944842
|switch|p2a: Whimsicott|Whimsicott, M, shiny|100/100
|move|p1a: Gastrodon|Stealth Rock|p2a: Whimsicott
|-sidestart|p2: Pokemon League 6|move: Stealth Rock
|
|-heal|p1a: Gastrodon|94/100|[from] item: Leftovers
|upkeep
|turn|4
|
|t:|1711944848
|switch|p1a: Arcanine|Arcanine, M|100/100
|-ability|p1a: Arcanine|Intimidate|boost
|-unboost|p2a: Whimsicott|atk|1
|move|p2a: Whimsicott|Moonblast|p1a: Arcanine
|-resisted|p1a: Arcanine
|-damage|p1a: Arcanine|81/100
|
|upkeep
|turn|5
|
|t:|1711944855
|move|p2a: Whimsicott|Stun Spore|p1a: Arcanine|[miss]
|-miss|p2a: Whimsicott|p1a: Arcanine
|move|p1a: Arcanine|Will-O-Wisp|p2a: Whimsicott
|-status|p2a: Whimsicott|brn
|
|-damage|p2a: Whimsicott|94/100 brn|[from] brn
|upkeep
|turn|6
|
|t:|1711944862
|switch|p1a: Thundurus|Thundurus, M|100/100
|move|p2a: Whimsicott|Stun Spore|p1a: Thundurus|[miss]
|-miss|p2a: Whimsicott|p1a: Thundurus
|
|-damage|p2a: Whimsicott|88/100 brn|[from] brn
|upkeep
|turn|7
|
|t:|1711944865
|move|p2a: Whimsicott|Moonblast|p1a: Thundurus
|-damage|p1a: Thundurus|53/100
|move|p1a: Thundurus|Sludge Wave|p2a: Whimsicott
|-supereffective|p2a: Whimsicott
|-damage|p2a: Whimsicott|0 fnt
|faint|p2a: Whimsicott
|
|upkeep
|
|t:|1711944871
|switch|p2a: Talonflame|Talonflame, M, shiny|100/100
|turn|8
|
|t:|1711944875
|switch|p1a: Gastrodon|Gastrodon-East, M|94/100
|move|p2a: Talonflame|Defog|p1a: Gastrodon
|-unboost|p1a: Gastrodon|evasion|1
|-sideend|p2: Pokemon League 6|Stealth Rock|[from] move: Defog|[of] p2a: Talonflame
|
|-heal|p1a: Gastrodon|100/100|[from] item: Leftovers
|upkeep
|turn|9
|
|t:|1711944880
|switch|p2a: Shaymin|Shaymin, shiny|100/100
|move|p1a: Gastrodon|Stealth Rock|p2a: Shaymin
|-sidestart|p2: Pokemon League 6|move: Stealth Rock
|
|upkeep
|turn|10
|
|t:|1711944892
|switch|p1a: Arcanine|Arcanine, M|81/100
|-ability|p1a: Arcanine|Intimidate|boost
|-unboost|p2a: Shaymin|atk|1
|move|p2a: Shaymin|Seed Flare|p1a: Arcanine
|-resisted|p1a: Arcanine
|-damage|p1a: Arcanine|54/100
|-unboost|p1a: Arcanine|spd|2
|
|upkeep
|turn|11
|
|t:|1711944896
|switch|p1a: Thundurus|Thundurus, M|53/100
|move|p2a: Shaymin|Earth Power|p1a: Thundurus
|-immune|p1a: Thundurus
|
|upkeep
|turn|12
|
|t:|1711944902
|move|p1a: Thundurus|Sludge Wave|p2a: Shaymin
|-supereffective|p2a: Shaymin
|-enditem|p2a: Shaymin|Focus Sash
|-damage|p2a: Shaymin|1/100
|move|p2a: Shaymin|Seed Flare|p1a: Thundurus
|-resisted|p1a: Thundurus
|-damage|p1a: Thundurus|16/100
|
|upkeep
|turn|13
|
|t:|1711944909
|move|p2a: Shaymin|Quick Attack|p1a: Thundurus
|-damage|p1a: Thundurus|7/100
|move|p1a: Thundurus|Sludge Wave|p2a: Shaymin
|-supereffective|p2a: Shaymin
|-damage|p2a: Shaymin|0 fnt
|faint|p2a: Shaymin
|
|upkeep
|
|t:|1711944914
|switch|p2a: Talonflame|Talonflame, M, shiny|100/100
|turn|14
|
|t:|1711944917
|move|p2a: Talonflame|Air Slash|p1a: Thundurus
|-resisted|p1a: Thundurus
|-damage|p1a: Thundurus|0 fnt
|faint|p1a: Thundurus
|
|upkeep
|
|t:|1711944926
|switch|p1a: Drednaw|Drednaw, F|100/100
|turn|15
|
|t:|1711944930
|move|p2a: Talonflame|Defog|p1a: Drednaw
|-unboost|p1a: Drednaw|evasion|1
|-sideend|p2: Pokemon League 6|Stealth Rock|[from] move: Defog|[of] p2a: Talonflame
|move|p1a: Drednaw|Shell Smash|p1a: Drednaw
|-unboost|p1a: Drednaw|def|1
|-unboost|p1a: Drednaw|spd|1
|-boost|p1a: Drednaw|atk|2
|-boost|p1a: Drednaw|spa|2
|-boost|p1a: Drednaw|spe|2
|
|upkeep
|turn|16
|
|t:|1711944936
|move|p2a: Talonflame|Air Slash|p1a: Drednaw
|-resisted|p1a: Drednaw
|-damage|p1a: Drednaw|69/100
|move|p1a: Drednaw|Shell Smash|p1a: Drednaw
|-unboost|p1a: Drednaw|def|1
|-unboost|p1a: Drednaw|spd|1
|-boost|p1a: Drednaw|atk|2
|-boost|p1a: Drednaw|spa|2
|-boost|p1a: Drednaw|spe|2
|
|upkeep
|turn|17
|
|t:|1711944941
|move|p2a: Talonflame|Air Slash|p1a: Drednaw
|-resisted|p1a: Drednaw
|-damage|p1a: Drednaw|25/100
|move|p1a: Drednaw|Liquidation|p2a: Talonflame
|-supereffective|p2a: Talonflame
|-damage|p2a: Talonflame|0 fnt
|faint|p2a: Talonflame
|
|upkeep
|
|t:|1711944946
|switch|p2a: Mew|Mew, shiny|100/100
|turn|18
|
|t:|1711944949
|move|p1a: Drednaw|Crunch|p2a: Mew
|-supereffective|p2a: Mew
|-enditem|p2a: Mew|Focus Sash
|-damage|p2a: Mew|1/100
|move|p2a: Mew|Drain Punch|p1a: Drednaw
|-supereffective|p1a: Drednaw
|-damage|p1a: Drednaw|0 fnt
|-heal|p2a: Mew|11/100|[from] drain|[of] p1a: Drednaw
|faint|p1a: Drednaw
|
|upkeep
|
|t:|1711944955
|switch|p1a: Mienshao|Mienshao, M|100/100
|turn|19
|
|t:|1711944960
|move|p1a: Mienshao|U-turn|p2a: Mew
|-supereffective|p2a: Mew
|-damage|p2a: Mew|0 fnt
|faint|p2a: Mew
|
|t:|1711944963
|switch|p1a: Gastrodon|Gastrodon-East, M|100/100|[from] U-turn
|
|upkeep
|
|t:|1711944966
|switch|p2a: Minior|Minior, shiny|100/100
|-formechange|p2a: Minior|Minior-Meteor||[from] ability: Shields Down
|turn|20
|
|t:|1711944971
|-terastallize|p2a: Minior|Flying
|move|p2a: Minior|Shell Smash|p2a: Minior
|-unboost|p2a: Minior|def|1
|-unboost|p2a: Minior|spd|1
|-boost|p2a: Minior|atk|2
|-boost|p2a: Minior|spa|2
|-boost|p2a: Minior|spe|2
|-enditem|p2a: Minior|White Herb
|-clearnegativeboost|p2a: Minior|[silent]
|move|p1a: Gastrodon|Clear Smog|p2a: Minior
|-damage|p2a: Minior|87/100
|-clearboost|p2a: Minior
|
|upkeep
|turn|21
|
|t:|1711944976
|move|p2a: Minior|Shell Smash|p2a: Minior
|-unboost|p2a: Minior|def|1
|-unboost|p2a: Minior|spd|1
|-boost|p2a: Minior|atk|2
|-boost|p2a: Minior|spa|2
|-boost|p2a: Minior|spe|2
|move|p1a: Gastrodon|Clear Smog|p2a: Minior
|-damage|p2a: Minior|65/100
|-clearboost|p2a: Minior
|
|upkeep
|turn|22
|
|t:|1711944979
|move|p2a: Minior|Acrobatics|p1a: Gastrodon
|-damage|p1a: Gastrodon|44/100
|move|p1a: Gastrodon|Clear Smog|p2a: Minior
|-damage|p2a: Minior|50/100
|-clearboost|p2a: Minior
|
|-heal|p1a: Gastrodon|50/100|[from] item: Leftovers
|-formechange|p2a: Minior|Minior||[from] ability: Shields Down
|upkeep
|turn|23
|
|t:|1711944985
|move|p2a: Minior|Shell Smash|p2a: Minior
|-unboost|p2a: Minior|def|1
|-unboost|p2a: Minior|spd|1
|-boost|p2a: Minior|atk|2
|-boost|p2a: Minior|spa|2
|-boost|p2a: Minior|spe|2
|move|p1a: Gastrodon|Clear Smog|p2a: Minior
|-damage|p2a: Minior|20/100
|-clearboost|p2a: Minior
|
|-heal|p1a: Gastrodon|56/100|[from] item: Leftovers
|upkeep
|turn|24
|
|t:|1711944989
|move|p2a: Minior|Acrobatics|p1a: Gastrodon
|-damage|p1a: Gastrodon|0 fnt
|faint|p1a: Gastrodon
|
|upkeep
|
|t:|1711944991
|switch|p1a: Hitmontop|Hitmontop, M|60/100
|-ability|p1a: Hitmontop|Intimidate|boost
|-unboost|p2a: Minior|atk|1
|turn|25
|
|t:|1711944995
|move|p1a: Hitmontop|Fake Out|p2a: Minior
|-damage|p2a: Minior|4/100
|cant|p2a: Minior|flinch
|
|-heal|p1a: Hitmontop|67/100|[from] item: Leftovers
|upkeep
|turn|26
|
|t:|1711944998
|move|p1a: Hitmontop|Sucker Punch|p2a: Minior
|-damage|p2a: Minior|0 fnt
|faint|p2a: Minior
|
|win|byanar
|raw|byanar's rating: 1190 &rarr; <strong>1225</strong><br />(+35 for winning)
|raw|Pokemon League 6's rating: 1336 &rarr; <strong>1308</strong><br />(-28 for losing)
|c|☆byanar|gg
|l|☆byanar
|player|p1|
|l|☆Pokemon League 6
|player|p2|
