{"id":"gen9nu-2093370961","format":"[Gen 9] NU","players":["Localdealerr","distortedice"],"log":"|j|\u2606Localdealerr\n|j|\u2606distortedice\n|t:|1711946109\n|gametype|singles\n|player|p1|Localdealerr|2|1204\n|player|p2|distortedice|lady-gen4|1236\n|teamsize|p1|6\n|teamsize|p2|6\n|gen|9\n|tier|[Gen 9] NU\n|rated|\n|rule|Species Clause: Limit one of each Pok\u00e9mon\n|rule|OHKO Clause: OHKO moves are banned\n|rule|Evasion Items Clause: Evasion items are banned\n|rule|Evasion Moves Clause: Evasion moves are banned\n|rule|Endless Battle Clause: Forcing endless battles is banned\n|rule|HP Percentage Mod: HP is shown in percentages\n|rule|Sleep Moves Clause: Sleep-inducing moves are banned\n|clearpoke\n|poke|p1|Tatsugiri, F|\n|poke|p1|Fraxure, M|\n|poke|p1|Magneton|\n|poke|p1|Gligar, M|\n|poke|p1|Toxicroak, F|\n|poke|p1|Tauros-Paldea-Blaze, M|\n|poke|p2|Umbreon, M|\n|poke|p2|Flygon, F|\n|poke|p2|Swampert, M|\n|poke|p2|Dragalge, F|\n|poke|p2|Sylveon, F|\n|poke|p2|Mew|\n|teampreview\n|inactive|Battle timer is ON: inactive players will automatically lose when time's up. (requested by distortedice)\n|\n|t:|1711946138\n|start\n|switch|p1a: Tatsugiri|Tatsugiri, F|100\/100\n|switch|p2a: Snake|Sylveon, F|100\/100\n|turn|1\n|\n|t:|1711946144\n|switch|p1a: Magneton|Magneton|100\/100\n|move|p2a: Snake|Hyper Voice|p1a: Magneton\n|-resisted|p1a: Magneton\n|-damage|p1a: Magneton|31\/100\n|\n|upkeep\n|turn|2\n|\n|t:|1711946149\n|move|p1a: Magneton|Flash Cannon|p2a: Snake\n|-supereffective|p2a: Snake\n|-damage|p2a: Snake|44\/100\n|move|p2a: Snake|Hyper Voice|p1a: Magneton\n|-resisted|p1a: Magneton\n|-crit|p1a: Magneton\n|-damage|p1a: Magneton|0 fnt\n|faint|p1a: Magneton\n|\n|upkeep\n|\n|t:|1711946155\n|switch|p1a: Toxicroak|Toxicroak, F|100\/100\n|turn|3\n|\n|t:|1711946159\n|switch|p1a: batl axe.|Fraxure, M|100\/100\n|-ability|p1a: batl axe.|Mold Breaker\n|move|p2a: Snake|Hyper Voice|p1a: batl axe.\n|-supereffective|p1a: batl axe.\n|-damage|p1a: batl axe.|0 fnt\n|faint|p1a: batl axe.\n|\n|upkeep\n|\n|t:|1711946162\n|switch|p1a: Tauros|Tauros-Paldea-Blaze, M|100\/100\n|-ability|p1a: Tauros|Intimidate|boost\n|-unboost|p2a: Snake|atk|1\n|turn|4\n|\n|t:|1711946165\n|move|p1a: Tauros|Raging Bull|p2a: Snake\n|-damage|p2a: Snake|0 fnt\n|faint|p2a: Snake\n|\n|upkeep\n|\n|t:|1711946170\n|switch|p2a: Swampert|Swampert, M|100\/100\n|turn|5\n|\n|t:|1711946178\n|-terastallize|p1a: Tauros|Water\n|move|p1a: Tauros|Bulk Up|p1a: Tauros\n|-boost|p1a: Tauros|atk|1\n|-boost|p1a: Tauros|def|1\n|move|p2a: Swampert|Flip Turn|p1a: Tauros\n|-resisted|p1a: Tauros\n|-damage|p1a: Tauros|94\/100\n|\n|t:|1711946191\n|switch|p2a: Dragalge|Dragalge, F|100\/100|[from] Flip Turn\n|\n|-heal|p1a: Tauros|100\/100|[from] item: Leftovers\n|upkeep\n|turn|6\n|\n|t:|1711946202\n|switch|p1a: Gligar|Gligar, M|100\/100\n|move|p2a: Dragalge|Draco Meteor|p1a: Gligar\n|-damage|p1a: Gligar|53\/100\n|-unboost|p2a: Dragalge|spa|2\n|\n|upkeep\n|turn|7\n|\n|t:|1711946207\n|move|p1a: Gligar|Knock Off|p2a: Dragalge\n|-damage|p2a: Dragalge|81\/100\n|-enditem|p2a: Dragalge|Black Sludge|[from] move: Knock Off|[of] p1a: Gligar\n|move|p2a: Dragalge|Flip Turn|p1a: Gligar\n|-supereffective|p1a: Gligar\n|-damage|p1a: Gligar|41\/100\n|\n|t:|1711946216\n|switch|p2a: Mew|Mew|100\/100|[from] Flip Turn\n|\n|upkeep\n|turn|8\n|\n|t:|1711946224\n|move|p2a: Mew|Iron Defense|p2a: Mew\n|-boost|p2a: Mew|def|2\n|move|p1a: Gligar|Knock Off|p2a: Mew\n|-supereffective|p2a: Mew\n|-damage|p2a: Mew|83\/100\n|-enditem|p2a: Mew|Leftovers|[from] move: Knock Off|[of] p1a: Gligar\n|\n|upkeep\n|turn|9\n|\n|t:|1711946233\n|move|p2a: Mew|Iron Defense|p2a: Mew\n|-boost|p2a: Mew|def|2\n|move|p1a: Gligar|U-turn|p2a: Mew\n|-supereffective|p2a: Mew\n|-damage|p2a: Mew|76\/100\n|\n|t:|1711946239\n|switch|p1a: Toxicroak|Toxicroak, F|100\/100|[from] U-turn\n|\n|upkeep\n|turn|10\n|\n|t:|1711946243\n|move|p1a: Toxicroak|Sludge Bomb|p2a: Mew\n|-damage|p2a: Mew|32\/100\n|-status|p2a: Mew|psn\n|-activate|p2a: Mew|ability: Synchronize\n|-immune|p1a: Toxicroak\n|move|p2a: Mew|Stored Power|p1a: Toxicroak\n|-supereffective|p1a: Toxicroak\n|-damage|p1a: Toxicroak|0 fnt\n|faint|p1a: Toxicroak\n|\n|-damage|p2a: Mew|20\/100 psn|[from] psn\n|upkeep\n|\n|t:|1711946251\n|switch|p1a: Tatsugiri|Tatsugiri, F|100\/100\n|turn|11\n|\n|t:|1711946256\n|move|p1a: Tatsugiri|Hydro Pump|p2a: Mew\n|-damage|p2a: Mew|0 fnt\n|faint|p2a: Mew\n|\n|upkeep\n|\n|t:|1711946261\n|switch|p2a: Dragalge|Dragalge, F|81\/100\n|turn|12\n|\n|t:|1711946267\n|switch|p1a: Gligar|Gligar, M|41\/100\n|move|p2a: Dragalge|Toxic Spikes|p1a: Gligar\n|-sidestart|p1: Localdealerr|move: Toxic Spikes\n|\n|upkeep\n|turn|13\n|\n|t:|1711946273\n|move|p1a: Gligar|Earthquake|p2a: Dragalge\n|-supereffective|p2a: Dragalge\n|-damage|p2a: Dragalge|18\/100\n|move|p2a: Dragalge|Flip Turn|p1a: Gligar\n|-supereffective|p1a: Gligar\n|-damage|p1a: Gligar|29\/100\n|\n|t:|1711946278\n|switch|p2a: Umbreon|Umbreon, M, shiny|100\/100|[from] Flip Turn\n|\n|upkeep\n|turn|14\n|\n|t:|1711946282\n|move|p1a: Gligar|Stealth Rock|p2a: Umbreon\n|-sidestart|p2: distortedice|move: Stealth Rock\n|move|p2a: Umbreon|Foul Play|p1a: Gligar\n|-damage|p1a: Gligar|12\/100\n|\n|upkeep\n|turn|15\n|\n|t:|1711946287\n|move|p1a: Gligar|Knock Off|p2a: Umbreon\n|-resisted|p2a: Umbreon\n|-damage|p2a: Umbreon|93\/100\n|-enditem|p2a: Umbreon|Heavy-Duty Boots|[from] move: Knock Off|[of] p1a: Gligar\n|move|p2a: Umbreon|Foul Play|p1a: Gligar\n|-damage|p1a: Gligar|0 fnt\n|faint|p1a: Gligar\n|\n|upkeep\n|\n|t:|1711946289\n|switch|p1a: Tatsugiri|Tatsugiri, F|100\/100\n|-status|p1a: Tatsugiri|psn\n|turn|16\n|\n|t:|1711946293\n|move|p1a: Tatsugiri|Rapid Spin|p2a: Umbreon\n|-damage|p2a: Umbreon|88\/100\n|-boost|p1a: Tatsugiri|spe|1\n|-sideend|p1: Localdealerr|Toxic Spikes|[from] move: Rapid Spin|[of] p1a: Tatsugiri\n|move|p2a: Umbreon|Wish|p2a: Umbreon\n|\n|-damage|p1a: Tatsugiri|88\/100 psn|[from] psn\n|upkeep\n|turn|17\n|\n|t:|1711946298\n|switch|p1a: Tauros|Tauros-Paldea-Blaze, M, tera:Water|100\/100\n|-ability|p1a: Tauros|Intimidate|boost\n|-unboost|p2a: Umbreon|atk|1\n|move|p2a: Umbreon|Foul Play|p1a: Tauros\n|-damage|p1a: Tauros|73\/100\n|\n|-heal|p2a: Umbreon|100\/100|[from] move: Wish|[wisher] Umbreon\n|-heal|p1a: Tauros|79\/100|[from] item: Leftovers\n|upkeep\n|turn|18\n|\n|t:|1711946302\n|move|p1a: Tauros|Bulk Up|p1a: Tauros\n|-boost|p1a: Tauros|atk|1\n|-boost|p1a: Tauros|def|1\n|move|p2a: Umbreon|Toxic|p1a: Tauros\n|-status|p1a: Tauros|tox\n|\n|-heal|p1a: Tauros|85\/100 tox|[from] item: Leftovers\n|-damage|p1a: Tauros|79\/100 tox|[from] psn\n|upkeep\n|turn|19\n|\n|t:|1711946308\n|move|p1a: Tauros|Body Press|p2a: Umbreon\n|-supereffective|p2a: Umbreon\n|-damage|p2a: Umbreon|5\/100\n|move|p2a: Umbreon|Wish|p2a: Umbreon\n|\n|-heal|p1a: Tauros|85\/100 tox|[from] item: Leftovers\n|-damage|p1a: Tauros|73\/100 tox|[from] psn\n|upkeep\n|turn|20\n|\n|t:|1711946313\n|move|p2a: Umbreon|Protect|p2a: Umbreon\n|-singleturn|p2a: Umbreon|Protect\n|move|p1a: Tauros|Bulk Up|p1a: Tauros\n|-boost|p1a: Tauros|atk|1\n|-boost|p1a: Tauros|def|1\n|\n|-heal|p2a: Umbreon|55\/100|[from] move: Wish|[wisher] Umbreon\n|-heal|p1a: Tauros|79\/100 tox|[from] item: Leftovers\n|-damage|p1a: Tauros|61\/100 tox|[from] psn\n|upkeep\n|turn|21\n|\n|t:|1711946320\n|switch|p2a: Dragalge|Dragalge, F|18\/100\n|-damage|p2a: Dragalge|6\/100|[from] Stealth Rock\n|move|p1a: Tauros|Body Press|p2a: Dragalge\n|-resisted|p2a: Dragalge\n|-damage|p2a: Dragalge|0 fnt\n|faint|p2a: Dragalge\n|\n|-heal|p1a: Tauros|67\/100 tox|[from] item: Leftovers\n|-damage|p1a: Tauros|43\/100 tox|[from] psn\n|upkeep\n|\n|t:|1711946326\n|switch|p2a: Umbreon|Umbreon, M, shiny|55\/100\n|-damage|p2a: Umbreon|43\/100|[from] Stealth Rock\n|turn|22\n|\n|t:|1711946334\n|switch|p1a: Tatsugiri|Tatsugiri, F|88\/100 psn\n|move|p2a: Umbreon|Wish|p2a: Umbreon\n|\n|-damage|p1a: Tatsugiri|76\/100 psn|[from] psn\n|upkeep\n|turn|23\n|\n|t:|1711946340\n|switch|p1a: Tauros|Tauros-Paldea-Blaze, M, tera:Water|43\/100 tox\n|-ability|p1a: Tauros|Intimidate|boost\n|-unboost|p2a: Umbreon|atk|1\n|move|p2a: Umbreon|Protect||[still]\n|-fail|p2a: Umbreon\n|\n|-heal|p2a: Umbreon|93\/100|[from] move: Wish|[wisher] Umbreon\n|-heal|p1a: Tauros|49\/100 tox|[from] item: Leftovers\n|-damage|p1a: Tauros|43\/100 tox|[from] psn\n|upkeep\n|turn|24\n|\n|t:|1711946352\n|-terastallize|p2a: Umbreon|Poison\n|move|p1a: Tauros|Body Press|p2a: Umbreon\n|-resisted|p2a: Umbreon\n|-damage|p2a: Umbreon|79\/100\n|move|p2a: Umbreon|Foul Play|p1a: Tauros\n|-damage|p1a: Tauros|18\/100 tox\n|\n|-heal|p1a: Tauros|24\/100 tox|[from] item: Leftovers\n|-damage|p1a: Tauros|12\/100 tox|[from] psn\n|upkeep\n|turn|25\n|\n|t:|1711946362\n|move|p1a: Tauros|Raging Bull|p2a: Umbreon\n|-damage|p2a: Umbreon|53\/100\n|move|p2a: Umbreon|Wish|p2a: Umbreon\n|\n|-heal|p1a: Tauros|18\/100 tox|[from] item: Leftovers\n|-damage|p1a: Tauros|0 fnt|[from] psn\n|faint|p1a: Tauros\n|upkeep\n|-message|Localdealerr forfeited.\n|\n|win|distortedice\n|raw|Localdealerr's rating: 1204 &rarr; <strong>1181<\/strong><br \/>(-23 for losing)\n|raw|distortedice's rating: 1236 &rarr; <strong>1259<\/strong><br \/>(+23 for winning)\n|l|\u2606Localdealerr\n|player|p1|\n|l|\u2606distortedice\n|player|p2|\n","uploadtime":1711946633,"views":0,"formatid":"gen9nu","rating":1181,"private":0,"password":null}