{"id":"gen9lc-2093285265","format":"[Gen 9] LC","players":["Unowey14","bagonsteel"],"log":"|j|\u2606Unowey14\n|j|\u2606bagonsteel\n|t:|1711934569\n|gametype|singles\n|player|p1|Unowey14|2|1268\n|player|p2|bagonsteel|red|1345\n|teamsize|p1|6\n|teamsize|p2|6\n|gen|9\n|tier|[Gen 9] LC\n|rated|\n|rule|Sleep Clause Mod: Limit one foe put to sleep\n|rule|Species Clause: Limit one of each Pok\u00e9mon\n|rule|OHKO Clause: OHKO moves are banned\n|rule|Evasion Items Clause: Evasion items are banned\n|rule|Evasion Moves Clause: Evasion moves are banned\n|rule|Endless Battle Clause: Forcing endless battles is banned\n|rule|HP Percentage Mod: HP is shown in percentages\n|clearpoke\n|poke|p1|Voltorb-Hisui, L5|\n|poke|p1|Foongus, L5, M|\n|poke|p1|Glimmet, L5, F|\n|poke|p1|Gastly, L5, M|\n|poke|p1|Mudbray, L5, F|\n|poke|p1|Mienfoo, L5, M|\n|poke|p2|Grookey, L5, M|\n|poke|p2|Stunky, L5, M|\n|poke|p2|Vullaby, L5, F|\n|poke|p2|Mienfoo, L5, F|\n|poke|p2|Growlithe-Hisui, L5, F|\n|poke|p2|Mudbray, L5, M|\n|teampreview\n|\n|t:|1711934583\n|start\n|switch|p1a: Mienfoo|Mienfoo, L5, M, shiny|100\/100\n|switch|p2a: Mudbray|Mudbray, L5, M|100\/100\n|turn|1\n|\n|t:|1711934589\n|move|p1a: Mienfoo|Knock Off|p2a: Mudbray\n|-damage|p2a: Mudbray|71\/100\n|-ability|p2a: Mudbray|Stamina|boost\n|-boost|p2a: Mudbray|def|1\n|-enditem|p2a: Mudbray|Eviolite|[from] move: Knock Off|[of] p1a: Mienfoo\n|move|p2a: Mudbray|High Horsepower|p1a: Mienfoo\n|-damage|p1a: Mienfoo|43\/100\n|\n|upkeep\n|turn|2\n|\n|t:|1711934599\n|move|p1a: Mienfoo|U-turn|p2a: Mudbray\n|-damage|p2a: Mudbray|50\/100\n|-ability|p2a: Mudbray|Stamina|boost\n|-boost|p2a: Mudbray|def|1\n|\n|t:|1711934604\n|switch|p1a: Gastly|Gastly, L5, M, shiny|100\/100|[from] U-turn\n|move|p2a: Mudbray|Stealth Rock|p1a: Gastly\n|-sidestart|p1: Unowey14|move: Stealth Rock\n|\n|upkeep\n|turn|3\n|\n|t:|1711934612\n|switch|p2a: Stunky|Stunky, L5, M, shiny|100\/100\n|move|p1a: Gastly|Sludge Wave|p2a: Stunky\n|-resisted|p2a: Stunky\n|-damage|p2a: Stunky|70\/100\n|\n|upkeep\n|turn|4\n|\n|t:|1711934623\n|switch|p1a: Mudbray|Mudbray, L5, F|100\/100\n|-damage|p1a: Mudbray|96\/100|[from] Stealth Rock\n|move|p2a: Stunky|Knock Off|p1a: Mudbray\n|-damage|p1a: Mudbray|59\/100\n|-ability|p1a: Mudbray|Stamina|boost\n|-boost|p1a: Mudbray|def|1\n|-enditem|p1a: Mudbray|Eviolite|[from] move: Knock Off|[of] p2a: Stunky\n|\n|upkeep\n|turn|5\n|\n|t:|1711934632\n|switch|p2a: Grookey|Grookey, L5, M|100\/100\n|-fieldstart|move: Grassy Terrain|[from] ability: Grassy Surge|[of] p2a: Grookey\n|move|p1a: Mudbray|Heavy Slam|p2a: Grookey\n|-damage|p2a: Grookey|53\/100\n|\n|-heal|p2a: Grookey|58\/100|[from] Grassy Terrain\n|-heal|p1a: Mudbray|63\/100|[from] Grassy Terrain\n|upkeep\n|turn|6\n|\n|t:|1711934643\n|-terastallize|p1a: Mudbray|Steel\n|move|p2a: Grookey|Knock Off|p1a: Mudbray\n|-damage|p1a: Mudbray|46\/100\n|-ability|p1a: Mudbray|Stamina|boost\n|-boost|p1a: Mudbray|def|1\n|move|p1a: Mudbray|Heavy Slam|p2a: Grookey\n|-damage|p2a: Grookey|0 fnt\n|faint|p2a: Grookey\n|\n|-heal|p1a: Mudbray|50\/100|[from] Grassy Terrain\n|upkeep\n|\n|t:|1711934658\n|switch|p2a: Growlithe|Growlithe-Hisui, L5, F|100\/100\n|turn|7\n|\n|t:|1711934676\n|-terastallize|p2a: Growlithe|Fire\n|move|p2a: Growlithe|Flare Blitz|p1a: Mudbray\n|-supereffective|p1a: Mudbray\n|-damage|p1a: Mudbray|0 fnt\n|faint|p1a: Mudbray\n|\n|upkeep\n|\n|t:|1711934683\n|switch|p1a: Glimmet|Glimmet, L5, F|100\/100\n|-damage|p1a: Glimmet|92\/100|[from] Stealth Rock\n|turn|8\n|\n|t:|1711934687\n|switch|p2a: Mudbray|Mudbray, L5, M|50\/100\n|move|p1a: Glimmet|Power Gem|p2a: Mudbray\n|-resisted|p2a: Mudbray\n|-damage|p2a: Mudbray|25\/100\n|-ability|p2a: Mudbray|Stamina|boost\n|-boost|p2a: Mudbray|def|1\n|\n|-heal|p1a: Glimmet|96\/100|[from] Grassy Terrain\n|-heal|p2a: Mudbray|30\/100|[from] Grassy Terrain\n|upkeep\n|turn|9\n|\n|t:|1711934698\n|move|p1a: Glimmet|Sludge Wave|p2a: Mudbray\n|-resisted|p2a: Mudbray\n|-damage|p2a: Mudbray|5\/100\n|-ability|p2a: Mudbray|Stamina|boost\n|-boost|p2a: Mudbray|def|1\n|move|p2a: Mudbray|High Horsepower|p1a: Glimmet\n|-supereffective|p1a: Glimmet\n|-damage|p1a: Glimmet|0 fnt\n|-activate|p1a: Glimmet|ability: Toxic Debris\n|-sidestart|p2: bagonsteel|move: Toxic Spikes\n|faint|p1a: Glimmet\n|\n|-heal|p2a: Mudbray|9\/100|[from] Grassy Terrain\n|-fieldend|move: Grassy Terrain\n|upkeep\n|\n|t:|1711934713\n|switch|p1a: Mienfoo|Mienfoo, L5, M, shiny|77\/100\n|-damage|p1a: Mienfoo|72\/100|[from] Stealth Rock\n|turn|10\n|\n|t:|1711934718\n|move|p1a: Mienfoo|High Jump Kick|p2a: Mudbray\n|-damage|p2a: Mudbray|0 fnt\n|faint|p2a: Mudbray\n|\n|upkeep\n|\n|t:|1711934723\n|switch|p2a: Vullaby|Vullaby, L5, F|100\/100\n|turn|11\n|\n|t:|1711934727\n|move|p1a: Mienfoo|U-turn|p2a: Vullaby\n|-damage|p2a: Vullaby|83\/100\n|-ability|p2a: Vullaby|Weak Armor|boost\n|-unboost|p2a: Vullaby|def|1\n|-boost|p2a: Vullaby|spe|2\n|\n|t:|1711934732\n|switch|p1a: Voltorb|Voltorb-Hisui, L5, shiny|100\/100|[from] U-turn\n|-damage|p1a: Voltorb|91\/100|[from] Stealth Rock\n|move|p2a: Vullaby|Brave Bird|p1a: Voltorb\n|-damage|p1a: Voltorb|29\/100\n|-damage|p2a: Vullaby|66\/100|[from] Recoil\n|\n|upkeep\n|turn|12\n|\n|t:|1711934742\n|move|p2a: Vullaby|Brave Bird|p1a: Voltorb\n|-crit|p1a: Voltorb\n|-damage|p1a: Voltorb|0 fnt\n|faint|p1a: Voltorb\n|-damage|p2a: Vullaby|57\/100|[from] Recoil\n|\n|upkeep\n|-message|Unowey14 forfeited.\n|\n|win|bagonsteel\n|raw|Unowey14's rating: 1268 &rarr; <strong>1248<\/strong><br \/>(-20 for losing)\n|raw|bagonsteel's rating: 1345 &rarr; <strong>1361<\/strong><br \/>(+16 for winning)\n|l|\u2606Unowey14\n|player|p1|\n|l|\u2606bagonsteel\n|player|p2|\n","uploadtime":1711934931,"views":0,"formatid":"gen9lc","rating":1248,"private":0,"password":null}