{"id":"gen9lc-2093285388","format":"[Gen 9] LC","players":["Alzaraf","organically"],"log":"|j|\u2606Alzaraf\n|j|\u2606organically\n|t:|1711934583\n|gametype|singles\n|player|p1|Alzaraf|2|1101\n|player|p2|organically|iono|1181\n|teamsize|p1|6\n|teamsize|p2|6\n|gen|9\n|tier|[Gen 9] LC\n|rated|\n|rule|Sleep Clause Mod: Limit one foe put to sleep\n|rule|Species Clause: Limit one of each Pok\u00e9mon\n|rule|OHKO Clause: OHKO moves are banned\n|rule|Evasion Items Clause: Evasion items are banned\n|rule|Evasion Moves Clause: Evasion moves are banned\n|rule|Endless Battle Clause: Forcing endless battles is banned\n|rule|HP Percentage Mod: HP is shown in percentages\n|clearpoke\n|poke|p1|Diglett-Alola, L5, F|\n|poke|p1|Vullaby, L5, F|\n|poke|p1|Litten, L5, F|\n|poke|p1|Buizel, L5, M|\n|poke|p1|Zorua-Hisui, L5, M|\n|poke|p1|Tinkatink, L5, F|\n|poke|p2|Voltorb-Hisui, L5|\n|poke|p2|Larvesta, L5, F|\n|poke|p2|Stunky, L5, F|\n|poke|p2|Zorua-Hisui, L5, F|\n|poke|p2|Mienfoo, L5, M|\n|poke|p2|Tinkatink, L5, F|\n|teampreview\n|inactive|Battle timer is ON: inactive players will automatically lose when time's up. (requested by Alzaraf)\n|\n|t:|1711934623\n|start\n|switch|p1a: May Earthquake|Diglett-Alola, L5, F|100\/100\n|switch|p2a: Voltorb|Voltorb-Hisui, L5, shiny|100\/100\n|turn|1\n|\n|t:|1711934642\n|move|p2a: Voltorb|Giga Drain|p1a: May Earthquake\n|-damage|p1a: May Earthquake|42\/100\n|move|p1a: May Earthquake|Earthquake|p2a: Voltorb\n|-damage|p2a: Voltorb|53\/100\n|\n|upkeep\n|turn|2\n|\n|t:|1711934652\n|switch|p1a: Mini-Incin|Litten, L5, F|100\/100\n|-ability|p1a: Mini-Incin|Intimidate|boost\n|-unboost|p2a: Voltorb|atk|1\n|move|p2a: Voltorb|Giga Drain|p1a: Mini-Incin\n|-resisted|p1a: Mini-Incin\n|-damage|p1a: Mini-Incin|67\/100\n|-heal|p2a: Voltorb|72\/100|[from] drain|[of] p1a: Mini-Incin\n|\n|upkeep\n|turn|3\n|\n|t:|1711934661\n|move|p1a: Mini-Incin|Parting Shot|p2a: Voltorb\n|-unboost|p2a: Voltorb|atk|1\n|-unboost|p2a: Voltorb|spa|1\n|\n|t:|1711934665\n|switch|p1a: Still An Egg|Vullaby, L5, F|100\/100|[from] Parting Shot\n|move|p2a: Voltorb|Volt Switch|p1a: Still An Egg\n|-supereffective|p1a: Still An Egg\n|-crit|p1a: Still An Egg\n|-damage|p1a: Still An Egg|22\/100\n|\n|t:|1711934677\n|switch|p2a: Tinkatink|Tinkatink, L5, F|100\/100|[from] Volt Switch\n|\n|upkeep\n|turn|4\n|\n|t:|1711934686\n|move|p2a: Tinkatink|Draining Kiss|p1a: Still An Egg\n|-supereffective|p1a: Still An Egg\n|-damage|p1a: Still An Egg|0 fnt\n|faint|p1a: Still An Egg\n|\n|upkeep\n|\n|t:|1711934690\n|switch|p1a: May Earthquake|Diglett-Alola, L5, F|42\/100\n|turn|5\n|\n|t:|1711934701\n|-terastallize|p2a: Tinkatink|Fairy\n|move|p1a: May Earthquake|Earthquake|p2a: Tinkatink\n|-damage|p2a: Tinkatink|60\/100\n|move|p2a: Tinkatink|Stealth Rock|p1a: May Earthquake\n|-sidestart|p1: Alzaraf|move: Stealth Rock\n|\n|upkeep\n|turn|6\n|\n|t:|1711934707\n|move|p1a: May Earthquake|Iron Head|p2a: Tinkatink\n|-supereffective|p2a: Tinkatink\n|-damage|p2a: Tinkatink|0 fnt\n|faint|p2a: Tinkatink\n|\n|upkeep\n|\n|t:|1711934712\n|switch|p2a: Voltorb|Voltorb-Hisui, L5, shiny|72\/100\n|turn|7\n|\n|t:|1711934722\n|switch|p1a: Mini-Incin|Litten, L5, F|67\/100\n|-damage|p1a: Mini-Incin|43\/100|[from] Stealth Rock\n|-ability|p1a: Mini-Incin|Intimidate|boost\n|-unboost|p2a: Voltorb|atk|1\n|move|p2a: Voltorb|Giga Drain|p1a: Mini-Incin\n|-resisted|p1a: Mini-Incin\n|-damage|p1a: Mini-Incin|15\/100\n|-heal|p2a: Voltorb|86\/100|[from] drain|[of] p1a: Mini-Incin\n|\n|upkeep\n|turn|8\n|\n|t:|1711934733\n|move|p1a: Mini-Incin|Flare Blitz|p2a: Voltorb\n|-supereffective|p2a: Voltorb\n|-damage|p2a: Voltorb|0 fnt\n|faint|p2a: Voltorb\n|-damage|p1a: Mini-Incin|0 fnt|[from] Recoil\n|faint|p1a: Mini-Incin\n|\n|upkeep\n|\n|t:|1711934750\n|switch|p2a: Larvesta|Larvesta, L5, F, shiny|100\/100\n|switch|p1a: Gotta Go Fast|Buizel, L5, M|100\/100\n|-damage|p1a: Gotta Go Fast|91\/100|[from] Stealth Rock\n|turn|9\n|\n|t:|1711934758\n|move|p1a: Gotta Go Fast|Waterfall|p2a: Larvesta\n|-damage|p2a: Larvesta|50\/100\n|replace|p2a: Zorua|Zorua-Hisui, L5, F, shiny\n|-end|p2a: Zorua|Illusion\n|cant|p2a: Zorua|flinch\n|\n|upkeep\n|turn|10\n|\n|t:|1711934785\n|switch|p2a: Larvesta|Larvesta, L5, F, shiny|100\/100\n|move|p1a: Gotta Go Fast|Waterfall|p2a: Larvesta\n|-supereffective|p2a: Larvesta\n|-damage|p2a: Larvesta|40\/100\n|\n|upkeep\n|turn|11\n|\n|t:|1711934796\n|move|p1a: Gotta Go Fast|Waterfall|p2a: Larvesta\n|-supereffective|p2a: Larvesta\n|-damage|p2a: Larvesta|0 fnt\n|faint|p2a: Larvesta\n|\n|upkeep\n|inactive|organically has 120 seconds left.\n|\n|t:|1711934808\n|switch|p2a: Stunky|Stunky, L5, F, shiny|100\/100\n|turn|12\n|\n|t:|1711934814\n|move|p2a: Stunky|Gunk Shot|p1a: Gotta Go Fast\n|-damage|p1a: Gotta Go Fast|19\/100\n|-status|p1a: Gotta Go Fast|psn\n|move|p1a: Gotta Go Fast|Waterfall|p2a: Stunky\n|-damage|p2a: Stunky|57\/100\n|\n|-damage|p1a: Gotta Go Fast|10\/100 psn|[from] psn\n|upkeep\n|turn|13\n|\n|t:|1711934828\n|switch|p2a: Mienfoo|Mienfoo, L5, M, shiny|100\/100\n|move|p1a: Gotta Go Fast|Waterfall|p2a: Mienfoo\n|-damage|p2a: Mienfoo|58\/100\n|\n|-damage|p1a: Gotta Go Fast|0 fnt|[from] psn\n|faint|p1a: Gotta Go Fast\n|upkeep\n|\n|t:|1711934837\n|switch|p1a: No Hammer :(|Tinkatink, L5, F|100\/100\n|-damage|p1a: No Hammer :(|90\/100|[from] Stealth Rock\n|turn|14\n|\n|t:|1711934852\n|move|p1a: No Hammer :(|Dark Pulse|p2a: Mienfoo\n|-resisted|p2a: Mienfoo\n|-damage|p2a: Mienfoo|43\/100\n|move|p2a: Mienfoo|Taunt|p1a: No Hammer :(\n|-start|p1a: No Hammer :(|move: Taunt\n|\n|upkeep\n|turn|15\n|\n|t:|1711934865\n|switch|p1a: May Earthquake|Diglett-Alola, L5, F|42\/100\n|-damage|p1a: May Earthquake|36\/100|[from] Stealth Rock\n|switch|p2a: Stunky|Stunky, L5, F, shiny|57\/100\n|\n|upkeep\n|turn|16\n|\n|t:|1711934871\n|move|p2a: Stunky|Sucker Punch|p1a: May Earthquake\n|-damage|p1a: May Earthquake|0 fnt\n|-ability|p1a: May Earthquake|Tangling Hair\n|-unboost|p2a: Stunky|spe|1\n|faint|p1a: May Earthquake\n|\n|upkeep\n|\n|t:|1711934877\n|switch|p1a: No Hammer :(|Tinkatink, L5, F|100\/100\n|-damage|p1a: No Hammer :(|96\/100|[from] Stealth Rock\n|-ability|p1a: No Hammer :(|Mold Breaker\n|turn|17\n|\n|t:|1711934891\n|move|p2a: Stunky|Sucker Punch|p1a: No Hammer :(\n|-resisted|p1a: No Hammer :(\n|-damage|p1a: No Hammer :(|81\/100\n|move|p1a: No Hammer :(|Play Rough|p2a: Stunky\n|-damage|p2a: Stunky|5\/100\n|\n|upkeep\n|turn|18\n|\n|t:|1711934899\n|move|p2a: Stunky|Temper Flare|p1a: No Hammer :(\n|-supereffective|p1a: No Hammer :(\n|-damage|p1a: No Hammer :(|5\/100\n|move|p1a: No Hammer :(|Play Rough|p2a: Stunky\n|-damage|p2a: Stunky|0 fnt\n|-damage|p1a: No Hammer :(|0 fnt|[from] ability: Aftermath|[of] p2a: Stunky\n|faint|p2a: Stunky\n|faint|p1a: No Hammer :(\n|\n|upkeep\n|\n|t:|1711934908\n|switch|p2a: Mienfoo|Mienfoo, L5, M, shiny|50\/100\n|switch|p1a: Who Am I?|Zorua-Hisui, L5, M|90\/100\n|-damage|p1a: Who Am I?|80\/100|[from] Stealth Rock\n|turn|19\n|\n|t:|1711934923\n|move|p1a: Who Am I?|Sludge Bomb|p2a: Mienfoo\n|-resisted|p2a: Mienfoo\n|-crit|p2a: Mienfoo\n|-damage|p2a: Mienfoo|15\/100\n|replace|p2a: Zorua|Zorua-Hisui, L5, F, shiny\n|-end|p2a: Zorua|Illusion\n|move|p2a: Zorua|Will-O-Wisp|p1a: Who Am I?\n|-status|p1a: Who Am I?|brn\n|\n|-damage|p1a: Who Am I?|75\/100 brn|[from] brn\n|upkeep\n|turn|20\n|\n|t:|1711934932\n|move|p1a: Who Am I?|Sludge Bomb|p2a: Zorua\n|-resisted|p2a: Zorua\n|-damage|p2a: Zorua|0 fnt\n|faint|p2a: Zorua\n|\n|-damage|p1a: Who Am I?|70\/100 brn|[from] brn\n|upkeep\n|c|\u2606organically|scarf?\n|\n|t:|1711934940\n|switch|p2a: Mienfoo|Mienfoo, L5, M, shiny|77\/100\n|turn|21\n|\n|t:|1711934950\n|move|p1a: Who Am I?|Sludge Bomb|p2a: Mienfoo\n|-damage|p2a: Mienfoo|39\/100\n|-status|p2a: Mienfoo|psn\n|move|p2a: Mienfoo|Knock Off|p1a: Who Am I?\n|-supereffective|p1a: Who Am I?\n|-damage|p1a: Who Am I?|0 fnt\n|-enditem|p1a: Who Am I?|Choice Scarf|[from] move: Knock Off|[of] p2a: Mienfoo\n|faint|p1a: Who Am I?\n|\n|win|organically\n|raw|Alzaraf's rating: 1101 &rarr; <strong>1082<\/strong><br \/>(-19 for losing)\n|raw|organically's rating: 1181 &rarr; <strong>1200<\/strong><br \/>(+19 for winning)\n|c|\u2606organically|gg\n|l|\u2606organically\n|player|p2|\n|l|\u2606Alzaraf\n|player|p1|\n","uploadtime":1711935202,"views":0,"formatid":"gen9lc","rating":1082,"private":0,"password":null}