{"id":"gen9lc-2093282405","format":"[Gen 9] LC","players":["bagonsteel","organically"],"log":"|j|\u2606bagonsteel\n|j|\u2606organically\n|t:|1711934220\n|gametype|singles\n|player|p1|bagonsteel|red|1332\n|player|p2|organically|iono|1197\n|teamsize|p1|6\n|teamsize|p2|6\n|gen|9\n|tier|[Gen 9] LC\n|rated|\n|rule|Sleep Clause Mod: Limit one foe put to sleep\n|rule|Species Clause: Limit one of each Pok\u00e9mon\n|rule|OHKO Clause: OHKO moves are banned\n|rule|Evasion Items Clause: Evasion items are banned\n|rule|Evasion Moves Clause: Evasion moves are banned\n|rule|Endless Battle Clause: Forcing endless battles is banned\n|rule|HP Percentage Mod: HP is shown in percentages\n|clearpoke\n|poke|p1|Grookey, L5, M|\n|poke|p1|Stunky, L5, F|\n|poke|p1|Vullaby, L5, F|\n|poke|p1|Mienfoo, L5, F|\n|poke|p1|Growlithe-Hisui, L5, F|\n|poke|p1|Mudbray, L5, M|\n|poke|p2|Voltorb-Hisui, L5|\n|poke|p2|Larvesta, L5, M|\n|poke|p2|Stunky, L5, M|\n|poke|p2|Zorua-Hisui, L5, M|\n|poke|p2|Mienfoo, L5, M|\n|poke|p2|Tinkatink, L5, F|\n|teampreview\n|\n|t:|1711934236\n|start\n|switch|p1a: Stunky|Stunky, L5, F, shiny|100\/100\n|switch|p2a: Tinkatink|Tinkatink, L5, F|100\/100\n|turn|1\n|\n|t:|1711934275\n|switch|p1a: Mudbray|Mudbray, L5, M|100\/100\n|switch|p2a: Larvesta|Larvesta, L5, M, shiny|100\/100\n|\n|upkeep\n|turn|2\n|\n|t:|1711934283\n|move|p2a: Larvesta|Trailblaze|p1a: Mudbray\n|-supereffective|p1a: Mudbray\n|-damage|p1a: Mudbray|75\/100\n|-boost|p2a: Larvesta|spe|1\n|-ability|p1a: Mudbray|Stamina|boost\n|-boost|p1a: Mudbray|def|1\n|move|p1a: Mudbray|Stone Edge|p2a: Larvesta\n|-supereffective|p2a: Larvesta\n|-damage|p2a: Larvesta|0 fnt\n|faint|p2a: Larvesta\n|\n|upkeep\n|\n|t:|1711934295\n|switch|p2a: Voltorb|Voltorb-Hisui, L5, shiny|100\/100\n|turn|3\n|\n|t:|1711934302\n|switch|p1a: Grookey|Grookey, L5, M|100\/100\n|-fieldstart|move: Grassy Terrain|[from] ability: Grassy Surge|[of] p1a: Grookey\n|move|p2a: Voltorb|Leech Seed|p1a: Grookey\n|-immune|p1a: Grookey\n|\n|upkeep\n|turn|4\n|\n|t:|1711934308\n|-terastallize|p2a: Voltorb|Fire\n|move|p2a: Voltorb|Tera Blast|p1a: Grookey|[anim] Tera Blast Fire\n|-supereffective|p1a: Grookey\n|-damage|p1a: Grookey|0 fnt\n|faint|p1a: Grookey\n|\n|upkeep\n|\n|t:|1711934316\n|switch|p1a: Growlithe|Growlithe-Hisui, L5, F|100\/100\n|turn|5\n|\n|t:|1711934330\n|move|p1a: Growlithe|Head Smash|p2a: Voltorb\n|-supereffective|p2a: Voltorb\n|-damage|p2a: Voltorb|0 fnt\n|faint|p2a: Voltorb\n|\n|upkeep\n|\n|t:|1711934357\n|switch|p2a: Tinkatink|Tinkatink, L5, F|100\/100\n|turn|6\n|\n|t:|1711934368\n|switch|p1a: Mudbray|Mudbray, L5, M|75\/100\n|move|p2a: Tinkatink|Thunder Wave|p1a: Mudbray\n|-immune|p1a: Mudbray\n|\n|-heal|p1a: Mudbray|80\/100|[from] Grassy Terrain\n|upkeep\n|turn|7\n|\n|t:|1711934376\n|switch|p2a: Mienfoo|Mienfoo, L5, M, shiny|100\/100\n|move|p1a: Mudbray|High Horsepower|p2a: Mienfoo\n|-damage|p2a: Mienfoo|39\/100\n|\n|-heal|p2a: Mienfoo|43\/100|[from] Grassy Terrain\n|-heal|p1a: Mudbray|84\/100|[from] Grassy Terrain\n|-fieldend|move: Grassy Terrain\n|upkeep\n|turn|8\n|\n|t:|1711934386\n|move|p2a: Mienfoo|Knock Off|p1a: Mudbray\n|-damage|p1a: Mudbray|59\/100\n|-ability|p1a: Mudbray|Stamina|boost\n|-boost|p1a: Mudbray|def|1\n|-enditem|p1a: Mudbray|Eviolite|[from] move: Knock Off|[of] p2a: Mienfoo\n|move|p1a: Mudbray|High Horsepower|p2a: Mienfoo\n|-damage|p2a: Mienfoo|0 fnt\n|faint|p2a: Mienfoo\n|\n|upkeep\n|\n|t:|1711934397\n|switch|p2a: Tinkatink|Tinkatink, L5, F|100\/100\n|turn|9\n|\n|t:|1711934403\n|move|p2a: Tinkatink|Will-O-Wisp|p1a: Mudbray\n|-status|p1a: Mudbray|brn\n|move|p1a: Mudbray|High Horsepower|p2a: Tinkatink|[miss]\n|-miss|p1a: Mudbray|p2a: Tinkatink\n|\n|-damage|p1a: Mudbray|55\/100 brn|[from] brn\n|upkeep\n|turn|10\n|\n|t:|1711934411\n|move|p2a: Tinkatink|Hex|p1a: Mudbray\n|-damage|p1a: Mudbray|0 fnt\n|faint|p1a: Mudbray\n|\n|upkeep\n|\n|t:|1711934415\n|switch|p1a: Stunky|Stunky, L5, F, shiny|100\/100\n|turn|11\n|\n|t:|1711934422\n|switch|p2a: Tinkatink|Tinkatink, L5, F|100\/100\n|move|p1a: Stunky|Knock Off|p2a: Tinkatink\n|-resisted|p2a: Tinkatink\n|-damage|p2a: Tinkatink|82\/100\n|-enditem|p2a: Tinkatink|Eviolite|[from] move: Knock Off|[of] p1a: Stunky\n|-enditem|p1a: Stunky|Eviolite|[silent]|[from] ability: Pickpocket|[of] p1a: Stunky\n|-item|p2a: Tinkatink|Eviolite|[from] ability: Pickpocket|[of] p1a: Stunky\n|\n|upkeep\n|turn|12\n|\n|t:|1711934433\n|move|p1a: Stunky|Knock Off|p2a: Tinkatink\n|-resisted|p2a: Tinkatink\n|-crit|p2a: Tinkatink\n|-damage|p2a: Tinkatink|55\/100\n|-enditem|p2a: Tinkatink|Eviolite|[from] move: Knock Off|[of] p1a: Stunky\n|move|p2a: Tinkatink|Thunder Wave|p1a: Stunky\n|-status|p1a: Stunky|par\n|\n|upkeep\n|turn|13\n|\n|t:|1711934439\n|move|p2a: Tinkatink|Draining Kiss|p1a: Stunky\n|-damage|p1a: Stunky|70\/100 par\n|-heal|p2a: Tinkatink|78\/100|[from] drain|[of] p1a: Stunky\n|move|p1a: Stunky|Temper Flare|p2a: Tinkatink\n|-supereffective|p2a: Tinkatink\n|-damage|p2a: Tinkatink|14\/100\n|\n|upkeep\n|turn|14\n|\n|t:|1711934454\n|move|p2a: Tinkatink|Draining Kiss|p1a: Stunky\n|-damage|p1a: Stunky|31\/100 par\n|-heal|p2a: Tinkatink|46\/100|[from] drain|[of] p1a: Stunky\n|move|p1a: Stunky|Temper Flare|p2a: Tinkatink\n|-supereffective|p2a: Tinkatink\n|-damage|p2a: Tinkatink|0 fnt\n|faint|p2a: Tinkatink\n|\n|upkeep\n|\n|t:|1711934461\n|switch|p2a: Stunky|Stunky, L5, M, shiny|100\/100\n|turn|15\n|\n|t:|1711934472\n|switch|p1a: Vullaby|Vullaby, L5, F|100\/100\n|move|p2a: Stunky|Tera Blast|p1a: Vullaby\n|-damage|p1a: Vullaby|61\/100\n|\n|upkeep\n|turn|16\n|\n|t:|1711934483\n|move|p2a: Stunky|Will-O-Wisp|p1a: Vullaby\n|-status|p1a: Vullaby|brn\n|move|p1a: Vullaby|Knock Off|p2a: Stunky\n|-supereffective|p2a: Stunky\n|-damage|p2a: Stunky|50\/100\n|replace|p2a: Zorua|Zorua-Hisui, L5, M, shiny\n|-end|p2a: Zorua|Illusion\n|-enditem|p2a: Zorua|Eviolite|[from] move: Knock Off|[of] p1a: Vullaby\n|\n|-damage|p1a: Vullaby|57\/100 brn|[from] brn\n|upkeep\n|turn|17\n|\n|t:|1711934492\n|move|p2a: Zorua|Tera Blast|p1a: Vullaby\n|-damage|p1a: Vullaby|18\/100 brn\n|move|p1a: Vullaby|Roost|p1a: Vullaby\n|-heal|p1a: Vullaby|70\/100 brn\n|-singleturn|p1a: Vullaby|move: Roost\n|\n|-damage|p1a: Vullaby|66\/100 brn|[from] brn\n|upkeep\n|turn|18\n|\n|t:|1711934498\n|move|p2a: Zorua|U-turn|p1a: Vullaby\n|-damage|p1a: Vullaby|53\/100 brn\n|-ability|p1a: Vullaby|Weak Armor|boost\n|-unboost|p1a: Vullaby|def|1\n|-boost|p1a: Vullaby|spe|2\n|\n|t:|1711934503\n|switch|p2a: Stunky|Stunky, L5, M, shiny|100\/100|[from] U-turn\n|move|p1a: Vullaby|Knock Off|p2a: Stunky\n|-resisted|p2a: Stunky\n|-damage|p2a: Stunky|87\/100\n|-enditem|p2a: Stunky|Eviolite|[from] move: Knock Off|[of] p1a: Vullaby\n|\n|-damage|p1a: Vullaby|48\/100 brn|[from] brn\n|upkeep\n|turn|19\n|\n|t:|1711934509\n|move|p1a: Vullaby|Brave Bird|p2a: Stunky\n|-damage|p2a: Stunky|44\/100\n|-damage|p1a: Vullaby|35\/100 brn|[from] Recoil\n|move|p2a: Stunky|Gunk Shot|p1a: Vullaby\n|-damage|p1a: Vullaby|0 fnt\n|faint|p1a: Vullaby\n|\n|upkeep\n|\n|t:|1711934519\n|switch|p1a: Growlithe|Growlithe-Hisui, L5, F|100\/100\n|turn|20\n|\n|t:|1711934526\n|move|p2a: Stunky|Sucker Punch|p1a: Growlithe\n|-damage|p1a: Growlithe|48\/100\n|move|p1a: Growlithe|Flare Blitz|p2a: Stunky\n|-damage|p2a: Stunky|0 fnt\n|-damage|p1a: Growlithe|27\/100|[from] ability: Aftermath|[of] p2a: Stunky\n|faint|p2a: Stunky\n|\n|upkeep\n|\n|t:|1711934533\n|switch|p2a: Zorua|Zorua-Hisui, L5, M, shiny|50\/100\n|turn|21\n|\n|t:|1711934538\n|move|p1a: Growlithe|Flare Blitz|p2a: Zorua\n|-damage|p2a: Zorua|0 fnt\n|faint|p2a: Zorua\n|\n|win|bagonsteel\n|raw|bagonsteel's rating: 1332 &rarr; <strong>1345<\/strong><br \/>(+13 for winning)\n|raw|organically's rating: 1197 &rarr; <strong>1181<\/strong><br \/>(-16 for losing)\n|c|\u2606organically|gg\n|l|\u2606organically\n|player|p2|\n|c|\u2606bagonsteel|gg\n|l|\u2606bagonsteel\n|player|p1|\n","uploadtime":1711934796,"views":0,"formatid":"gen9lc","rating":1181,"private":0,"password":null}