{"id":"gen9lc-2093371557","format":"[Gen 9] LC","players":["theironpikachu","bleahey"],"log":"|j|\u2606theironpikachu\n|j|\u2606bleahey\n|inactive|Battle timer is ON: inactive players will automatically lose when time's up.\n|t:|1711946206\n|gametype|singles\n|player|p1|theironpikachu|may-masters|\n|player|p2|bleahey|brendan|\n|teamsize|p1|6\n|teamsize|p2|6\n|gen|9\n|tier|[Gen 9] LC\n|rated|Tournament battle\n|rule|Sleep Clause Mod: Limit one foe put to sleep\n|rule|Species Clause: Limit one of each Pok\u00e9mon\n|rule|OHKO Clause: OHKO moves are banned\n|rule|Evasion Items Clause: Evasion items are banned\n|rule|Evasion Moves Clause: Evasion moves are banned\n|rule|Endless Battle Clause: Forcing endless battles is banned\n|rule|HP Percentage Mod: HP is shown in percentages\n|rule|Item Clause: Limit one of each item\n|clearpoke\n|poke|p1|Impidimp, L5, M|\n|poke|p1|Magby, L5, M|\n|poke|p1|Minccino, L5, F|\n|poke|p1|Mienfoo, L5, M|\n|poke|p1|Gastly, L5, F|\n|poke|p1|Stunky, L5, F|\n|poke|p2|Lotad, L5, F|\n|poke|p2|Buizel, L5, F|\n|poke|p2|Shroodle, L5, M|\n|poke|p2|Glimmet, L5, F|\n|poke|p2|Horsea, L5, F|\n|poke|p2|Shellder, L5, F|\n|teampreview\n|j|*Lady Monita \u2746\n|inactive|theironpikachu also wants the timer to be on.\n|inactive|bleahey also wants the timer to be on.\n|c|\u2606bleahey|hf\n|inactive|theironpikachu has 120 seconds left.\n|c|\u2606theironpikachu|glhf\n|\n|t:|1711946258\n|start\n|switch|p1a: Impidimp|Impidimp, L5, M|100\/100\n|switch|p2a: Shroodle|Shroodle, L5, M|100\/100\n|turn|1\n|inactive|bleahey has 120 seconds left.\n|\n|t:|1711946289\n|move|p2a: Shroodle|Rain Dance|p2a: Shroodle\n|-weather|RainDance\n|move|p1a: Impidimp|Reflect|p1a: Impidimp\n|-sidestart|p1: theironpikachu|Reflect\n|\n|-weather|RainDance|[upkeep]\n|upkeep\n|turn|2\n|\n|t:|1711946293\n|move|p2a: Shroodle|Copycat|p2a: Shroodle\n|move|p2a: Shroodle|Reflect|p2a: Shroodle|[from]move: Copycat\n|-sidestart|p2: bleahey|Reflect\n|move|p1a: Impidimp|Parting Shot|p2a: Shroodle\n|-unboost|p2a: Shroodle|atk|1\n|-unboost|p2a: Shroodle|spa|1\n|\n|t:|1711946300\n|switch|p1a: Magby|Magby, L5, M|100\/100|[from] Parting Shot\n|\n|-weather|RainDance|[upkeep]\n|upkeep\n|turn|3\n|\n|t:|1711946307\n|move|p2a: Shroodle|Parting Shot|p1a: Magby\n|-unboost|p1a: Magby|atk|1\n|-unboost|p1a: Magby|spa|1\n|\n|t:|1711946310\n|switch|p2a: Horsea|Horsea, L5, F|100\/100|[from] Parting Shot\n|move|p1a: Magby|Belly Drum|p1a: Magby\n|-damage|p1a: Magby|50\/100\n|-setboost|p1a: Magby|atk|6|[from] move: Belly Drum\n|-enditem|p1a: Magby|Oran Berry|[eat]\n|-heal|p1a: Magby|100\/100|[from] item: Oran Berry\n|\n|-weather|RainDance|[upkeep]\n|upkeep\n|turn|4\n|j| happysh\n|\n|t:|1711946330\n|move|p1a: Magby|Mach Punch|p2a: Horsea\n|-damage|p2a: Horsea|62\/100\n|move|p2a: Horsea|Weather Ball|p1a: Magby\n|-supereffective|p1a: Magby\n|-damage|p1a: Magby|0 fnt\n|faint|p1a: Magby\n|\n|-weather|RainDance|[upkeep]\n|upkeep\n|c|\u2606theironpikachu|lmao\n|inactive|theironpikachu has 120 seconds left.\n|\n|t:|1711946349\n|switch|p1a: Mienfoo|Mienfoo, L5, M|100\/100\n|turn|5\n|\n|t:|1711946358\n|switch|p2a: Glimmet|Glimmet, L5, F|100\/100\n|move|p1a: Mienfoo|Fake Out|p2a: Glimmet\n|-resisted|p2a: Glimmet\n|-damage|p2a: Glimmet|96\/100\n|-activate|p2a: Glimmet|ability: Toxic Debris\n|-sidestart|p1: theironpikachu|move: Toxic Spikes\n|-enditem|p2a: Glimmet|Eject Button\n|\n|t:|1711946362\n|switch|p2a: Horsea|Horsea, L5, F|62\/100\n|\n|-weather|RainDance|[upkeep]\n|upkeep\n|turn|6\n|\n|t:|1711946373\n|switch|p1a: Stunky|Stunky, L5, F|100\/100\n|-sideend|p1: theironpikachu|move: Toxic Spikes|[of] p1a: Stunky\n|move|p2a: Horsea|Weather Ball|p1a: Stunky\n|-damage|p1a: Stunky|0 fnt\n|faint|p1a: Stunky\n|\n|-weather|RainDance|[upkeep]\n|-sideend|p2: bleahey|Reflect\n|upkeep\n|\n|t:|1711946376\n|switch|p1a: Mienfoo|Mienfoo, L5, M|100\/100\n|turn|7\n|c|\u2606bleahey|boink\n|c|\u2606theironpikachu|D;\n|\n|t:|1711946385\n|move|p1a: Mienfoo|Fake Out|p2a: Horsea\n|-damage|p2a: Horsea|43\/100\n|cant|p2a: Horsea|flinch\n|\n|-weather|RainDance|[upkeep]\n|upkeep\n|turn|8\n|\n|t:|1711946411\n|move|p2a: Horsea|Weather Ball|p1a: Mienfoo\n|-damage|p1a: Mienfoo|5\/100\n|move|p1a: Mienfoo|High Jump Kick|p2a: Horsea\n|-damage|p2a: Horsea|0 fnt\n|faint|p2a: Horsea\n|\n|-weather|none\n|-sideend|p1: theironpikachu|Reflect\n|upkeep\n|c|\u2606bleahey|noo\n|c|\u2606bleahey|bum horse\n|\n|t:|1711946427\n|switch|p2a: Shroodle|Shroodle, L5, M|100\/100\n|turn|9\n|\n|t:|1711946442\n|move|p2a: Shroodle|Knock Off|p1a: Mienfoo\n|-resisted|p1a: Mienfoo\n|-damage|p1a: Mienfoo|0 fnt\n|-enditem|p1a: Mienfoo|Assault Vest|[from] move: Knock Off|[of] p2a: Shroodle\n|faint|p1a: Mienfoo\n|\n|upkeep\n|\n|t:|1711946445\n|switch|p1a: Impidimp|Impidimp, L5, M|100\/100\n|turn|10\n|\n|t:|1711946452\n|move|p2a: Shroodle|Rain Dance|p2a: Shroodle\n|-weather|RainDance\n|move|p1a: Impidimp|Reflect|p1a: Impidimp\n|-sidestart|p1: theironpikachu|Reflect\n|\n|-weather|RainDance|[upkeep]\n|upkeep\n|turn|11\n|\n|t:|1711946459\n|switch|p2a: Lotad|Lotad, L5, F|100\/100\n|move|p1a: Impidimp|Light Screen|p1a: Impidimp\n|-sidestart|p1: theironpikachu|move: Light Screen\n|\n|-weather|RainDance|[upkeep]\n|upkeep\n|turn|12\n|j| H4ruto\n|inactive|theironpikachu has 120 seconds left.\n|\n|t:|1711946500\n|move|p1a: Impidimp|Parting Shot|p2a: Lotad\n|-unboost|p2a: Lotad|atk|1\n|-unboost|p2a: Lotad|spa|1\n|\n|t:|1711946504\n|switch|p1a: Minccino|Minccino, L5, F|100\/100|[from] Parting Shot\n|move|p2a: Lotad|Weather Ball|p1a: Minccino\n|-damage|p1a: Minccino|55\/100\n|-damage|p2a: Lotad|91\/100|[from] item: Life Orb\n|\n|-weather|RainDance|[upkeep]\n|upkeep\n|turn|13\n|inactive|theironpikachu has 120 seconds left.\n|\n|t:|1711946513\n|-terastallize|p2a: Lotad|Water\n|move|p2a: Lotad|Weather Ball|p1a: Minccino\n|-damage|p1a: Minccino|0 fnt\n|faint|p1a: Minccino\n|-damage|p2a: Lotad|81\/100|[from] item: Life Orb\n|\n|-weather|RainDance|[upkeep]\n|upkeep\n|c|\u2606bleahey|boink\n|inactive|theironpikachu has 120 seconds left.\n|c|\u2606theironpikachu|:(\n|\n|t:|1711946530\n|switch|p1a: Gastly|Gastly, L5, F|100\/100\n|turn|14\n|\n|t:|1711946539\n|move|p1a: Gastly|Shadow Ball|p2a: Lotad\n|-damage|p2a: Lotad|5\/100\n|move|p2a: Lotad|Weather Ball|p1a: Gastly\n|-damage|p1a: Gastly|30\/100\n|-damage|p2a: Lotad|0 fnt|[from] item: Life Orb\n|faint|p2a: Lotad\n|\n|-weather|RainDance|[upkeep]\n|upkeep\n|c|\u2606theironpikachu|send this to greeby for the $5 lmao\n|c|\u2606bleahey|i beat him with this in a roomtour lol\n|c|\u2606bleahey|he didn't pay me\n|\n|t:|1711946555\n|switch|p2a: Buizel|Buizel, L5, F|100\/100\n|turn|15\n|c|\u2606theironpikachu|D: so mean\n|c|\u2606bleahey|fr\n|\n|t:|1711946567\n|move|p2a: Buizel|Wave Crash|p1a: Gastly\n|-crit|p1a: Gastly\n|-damage|p1a: Gastly|0 fnt\n|faint|p1a: Gastly\n|-damage|p2a: Buizel|91\/100|[from] Recoil\n|\n|-weather|RainDance|[upkeep]\n|upkeep\n|\n|t:|1711946569\n|switch|p1a: Impidimp|Impidimp, L5, M|100\/100\n|turn|16\n|c|\u2606theironpikachu|ggwp\n|c|\u2606bleahey|gg\n|\n|t:|1711946576\n|move|p2a: Buizel|Wave Crash|p1a: Impidimp\n|-damage|p1a: Impidimp|32\/100\n|-damage|p2a: Buizel|69\/100|[from] Recoil\n|move|p1a: Impidimp|Dazzling Gleam|p2a: Buizel\n|-damage|p2a: Buizel|14\/100\n|-enditem|p2a: Buizel|Oran Berry|[eat]\n|-heal|p2a: Buizel|60\/100|[from] item: Oran Berry\n|\n|-weather|RainDance|[upkeep]\n|upkeep\n|turn|17\n|\n|t:|1711946585\n|move|p2a: Buizel|Wave Crash|p1a: Impidimp\n|-damage|p1a: Impidimp|0 fnt\n|faint|p1a: Impidimp\n|-damage|p2a: Buizel|50\/100|[from] Recoil\n|\n|win|bleahey\n|n|\u2606theironpikachu|theironpikachu\n|n|\u2606bleahey|bleahey\n|n|*Lady Monita \u2746|ladymonita\n|n| happysh|happysh\n|n| H4ruto|h4ruto\n|l|*Lady Monita \u2746\n|c|\u2606theironpikachu|what teamo rain wants to be fr\n|c|\u2606bleahey|horsea is honestly nuts\n|c|\u2606theironpikachu|yea didnt expect itto kill ngl\n|c|\u2606bleahey|the rest is underwhelming\n|c|\u2606bleahey|yeah tera water nukes like half the tier\n|c|\u2606bleahey|not half the tier\n|c|\u2606bleahey|everything but mareanie and foognus\n|c|\u2606bleahey|which it might even 2hko\n|c|\u2606theironpikachu|o dang that's interesting\n|c|\u2606theironpikachu|mareanie and foongus dont even exist\n","uploadtime":1711946585,"views":0,"formatid":"gen9lc","rating":null,"private":0,"password":null}