{"id":"gen9lc-2093293281","format":"[Gen 9] LC","players":["organically","Unowey14"],"log":"|j|\u2606organically\n|j|\u2606Unowey14\n|t:|1711935554\n|gametype|singles\n|player|p1|organically|iono|1215\n|player|p2|Unowey14|2|1281\n|teamsize|p1|6\n|teamsize|p2|6\n|gen|9\n|tier|[Gen 9] LC\n|rated|\n|rule|Sleep Clause Mod: Limit one foe put to sleep\n|rule|Species Clause: Limit one of each Pok\u00e9mon\n|rule|OHKO Clause: OHKO moves are banned\n|rule|Evasion Items Clause: Evasion items are banned\n|rule|Evasion Moves Clause: Evasion moves are banned\n|rule|Endless Battle Clause: Forcing endless battles is banned\n|rule|HP Percentage Mod: HP is shown in percentages\n|clearpoke\n|poke|p1|Voltorb-Hisui, L5|\n|poke|p1|Larvesta, L5, M|\n|poke|p1|Stunky, L5, F|\n|poke|p1|Zorua-Hisui, L5, F|\n|poke|p1|Mienfoo, L5, M|\n|poke|p1|Tinkatink, L5, F|\n|poke|p2|Voltorb-Hisui, L5|\n|poke|p2|Foongus, L5, M|\n|poke|p2|Glimmet, L5, M|\n|poke|p2|Gastly, L5, F|\n|poke|p2|Mudbray, L5, M|\n|poke|p2|Mienfoo, L5, M|\n|teampreview\n|inactive|Battle timer is ON: inactive players will automatically lose when time's up. (requested by Unowey14)\n|\n|t:|1711935590\n|start\n|switch|p1a: Voltorb|Voltorb-Hisui, L5, shiny|100\/100\n|switch|p2a: Glimmet|Glimmet, L5, M|100\/100\n|turn|1\n|\n|t:|1711935596\n|move|p1a: Voltorb|Giga Drain|p2a: Glimmet\n|-damage|p2a: Glimmet|61\/100\n|move|p2a: Glimmet|Mud Shot|p1a: Voltorb\n|-damage|p1a: Voltorb|77\/100\n|-unboost|p1a: Voltorb|spe|1\n|\n|upkeep\n|turn|2\n|\n|t:|1711935603\n|move|p2a: Glimmet|Sludge Wave|p1a: Voltorb\n|-supereffective|p1a: Voltorb\n|-damage|p1a: Voltorb|0 fnt\n|faint|p1a: Voltorb\n|\n|upkeep\n|\n|t:|1711935609\n|switch|p1a: Larvesta|Larvesta, L5, M, shiny|100\/100\n|turn|3\n|\n|t:|1711935616\n|-terastallize|p1a: Larvesta|Ground\n|move|p1a: Larvesta|Tera Blast|p2a: Glimmet|[anim] Tera Blast Ground\n|-supereffective|p2a: Glimmet\n|-damage|p2a: Glimmet|0 fnt\n|faint|p2a: Glimmet\n|\n|upkeep\n|\n|t:|1711935624\n|switch|p2a: Foongus|Foongus, L5, M|100\/100\n|turn|4\n|l|\u2606organically\n|inactive|organically disconnected and has a minute to reconnect!\n|player|p1|\n|inactive|organically has 30 seconds to reconnect!\n|j|\u2606organically\n|inactive|organically reconnected and has 110 seconds left.\n|player|p1|organically|iono\n|\n|t:|1711935674\n|move|p1a: Larvesta|U-turn|p2a: Foongus\n|-damage|p2a: Foongus|84\/100\n|\n|t:|1711935678\n|switch|p1a: Stunky|Stunky, L5, F, shiny|100\/100|[from] U-turn\n|move|p2a: Foongus|Spore|p1a: Stunky\n|-status|p1a: Stunky|slp|[from] move: Spore\n|\n|upkeep\n|turn|5\n|\n|t:|1711935688\n|switch|p1a: Larvesta|Larvesta, L5, M, shiny, tera:Ground|100\/100\n|switch|p2a: Mudbray|Mudbray, L5, M|100\/100\n|\n|upkeep\n|turn|6\n|\n|t:|1711935695\n|move|p1a: Larvesta|Will-O-Wisp|p2a: Mudbray\n|-status|p2a: Mudbray|brn\n|move|p2a: Mudbray|Earthquake|p1a: Larvesta\n|-damage|p1a: Larvesta|70\/100\n|replace|p1a: Zorua|Zorua-Hisui, L5, F, shiny\n|-end|p1a: Zorua|Illusion\n|\n|-damage|p2a: Mudbray|96\/100 brn|[from] brn\n|upkeep\n|turn|7\n|\n|t:|1711935707\n|move|p1a: Zorua|Hex|p2a: Mudbray\n|-damage|p2a: Mudbray|34\/100 brn\n|-ability|p2a: Mudbray|Stamina|boost\n|-boost|p2a: Mudbray|def|1\n|move|p2a: Mudbray|Earthquake|p1a: Zorua\n|-crit|p1a: Zorua\n|-damage|p1a: Zorua|15\/100\n|\n|-damage|p2a: Mudbray|30\/100 brn|[from] brn\n|upkeep\n|turn|8\n|\n|t:|1711935718\n|move|p1a: Zorua|Hex|p2a: Mudbray\n|-damage|p2a: Mudbray|0 fnt\n|faint|p2a: Mudbray\n|\n|upkeep\n|\n|t:|1711935724\n|switch|p2a: Voltorb|Voltorb-Hisui, L5, shiny|100\/100\n|turn|9\n|\n|t:|1711935728\n|switch|p1a: Larvesta|Larvesta, L5, M, shiny|100\/100\n|move|p2a: Voltorb|Tera Blast|p1a: Larvesta\n|-damage|p1a: Larvesta|79\/100\n|\n|upkeep\n|turn|10\n|\n|t:|1711935745\n|move|p2a: Voltorb|Volt Switch|p1a: Larvesta\n|-damage|p1a: Larvesta|48\/100\n|\n|t:|1711935753\n|switch|p2a: Foongus|Foongus, L5, M|100\/100|[from] Volt Switch\n|move|p1a: Larvesta|U-turn|p2a: Foongus\n|-damage|p2a: Foongus|72\/100\n|\n|t:|1711935761\n|switch|p1a: Tinkatink|Tinkatink, L5, F, shiny|100\/100|[from] U-turn\n|\n|upkeep\n|turn|11\n|-message|Unowey14 forfeited.\n|\n|win|organically\n|raw|organically's rating: 1215 &rarr; <strong>1245<\/strong><br \/>(+30 for winning)\n|raw|Unowey14's rating: 1281 &rarr; <strong>1251<\/strong><br \/>(-30 for losing)\n|l|\u2606Unowey14\n|player|p2|\n|l|\u2606organically\n|player|p1|\n","uploadtime":1711936013,"views":0,"formatid":"gen9lc","rating":1245,"private":0,"password":null}