|raw|<div class="broadcast-blue"><strong>This battle is required to be public due to a player having a name starting with 'rbyza'.</div>
|j|☆Quamnckkk
|j|☆RBYZA PersNegRNG
|t:|1711942245
|gametype|singles
|player|p1|Quamnckkk|miku-flying|1354
|player|p2|RBYZA PersNegRNG|swimmerf-gen4dp|1615
|teamsize|p1|6
|teamsize|p2|6
|gen|1
|tier|[Gen 1] OU
|rated|
|rule|Desync Clause Mod: Desyncs changed to move failure.
|rule|Sleep Clause Mod: Limit one foe put to sleep
|rule|Freeze Clause Mod: Limit one foe frozen
|rule|Species Clause: Limit one of each Pokémon
|rule|OHKO Clause: OHKO moves are banned
|rule|Evasion Moves Clause: Evasion moves are banned
|rule|Endless Battle Clause: Forcing endless battles is banned
|rule|HP Percentage Mod: HP is shown in percentages
|
|t:|1711942245
|start
|switch|p1a: Starmie|Starmie|100/100
|switch|p2a: Zapdos|Zapdos|100/100
|turn|1
|inactive|Battle timer is ON: inactive players will automatically lose when time's up. (requested by Quamnckkk)
|
|t:|1711942258
|move|p1a: Starmie|Blizzard|p2a: Zapdos|[miss]
|-miss|p1a: Starmie
|move|p2a: Zapdos|Thunder Wave|p1a: Starmie
|-status|p1a: Starmie|par
|
|upkeep
|turn|2
|j| Noobish Noob
|
|t:|1711942264
|switch|p1a: Exeggutor|Exeggutor|100/100
|move|p2a: Zapdos|Thunderbolt|p1a: Exeggutor
|-resisted|p1a: Exeggutor
|-damage|p1a: Exeggutor|85/100
|
|upkeep
|turn|3
|j| rbyza acii
|
|t:|1711942275
|move|p2a: Zapdos|Drill Peck|p1a: Exeggutor
|-supereffective|p1a: Exeggutor
|-damage|p1a: Exeggutor|33/100
|move|p1a: Exeggutor|Sleep Powder|p2a: Zapdos|[miss]
|-miss|p1a: Exeggutor
|
|upkeep
|turn|4
|
|t:|1711942285
|switch|p1a: Zapdos|Zapdos|100/100
|move|p2a: Zapdos|Drill Peck|p1a: Zapdos
|-resisted|p1a: Zapdos
|-damage|p1a: Zapdos|87/100
|
|upkeep
|turn|5
|
|t:|1711942290
|move|p2a: Zapdos|Thunder Wave|p1a: Zapdos
|-status|p1a: Zapdos|par
|move|p1a: Zapdos|Thunderbolt|p2a: Zapdos
|-damage|p2a: Zapdos|70/100
|
|upkeep
|turn|6
|
|t:|1711942296
|move|p2a: Zapdos|Thunderbolt|p1a: Zapdos
|-damage|p1a: Zapdos|56/100 par
|cant|p1a: Zapdos|par
|
|upkeep
|turn|7
|
|t:|1711942303
|move|p2a: Zapdos|Thunderbolt|p1a: Zapdos
|-damage|p1a: Zapdos|25/100 par
|cant|p1a: Zapdos|par
|
|upkeep
|turn|8
|
|t:|1711942307
|move|p2a: Zapdos|Thunderbolt|p1a: Zapdos
|-crit|p1a: Zapdos
|-damage|p1a: Zapdos|0 fnt
|faint|p1a: Zapdos
|
|t:|1711942312
|switch|p1a: Chansey|Chansey|100/100
|turn|9
|
|t:|1711942317
|move|p2a: Zapdos|Thunder Wave|p1a: Chansey
|-status|p1a: Chansey|par
|move|p1a: Chansey|Ice Beam|p2a: Zapdos
|-supereffective|p2a: Zapdos
|-damage|p2a: Zapdos|35/100
|
|upkeep
|turn|10
|
|t:|1711942329
|move|p2a: Zapdos|Drill Peck|p1a: Chansey
|-damage|p1a: Chansey|64/100 par
|move|p1a: Chansey|Ice Beam|p2a: Zapdos
|-supereffective|p2a: Zapdos
|-damage|p2a: Zapdos|2/100
|
|upkeep
|turn|11
|
|t:|1711942334
|switch|p1a: Tauros|Tauros|100/100
|move|p2a: Zapdos|Drill Peck|p1a: Tauros
|-crit|p1a: Tauros
|-damage|p1a: Tauros|51/100
|
|upkeep
|turn|12
|
|t:|1711942350
|move|p1a: Tauros|Blizzard|p2a: Zapdos|[miss]
|-miss|p1a: Tauros
|move|p2a: Zapdos|Thunderbolt|p1a: Tauros
|-damage|p1a: Tauros|4/100
|
|upkeep
|turn|13
|
|t:|1711942360
|move|p1a: Tauros|Blizzard|p2a: Zapdos
|-supereffective|p2a: Zapdos
|-damage|p2a: Zapdos|0 fnt
|faint|p2a: Zapdos
|
|t:|1711942364
|switch|p2a: Tauros|Tauros|100/100
|turn|14
|
|t:|1711942374
|switch|p1a: Snorlax|Snorlax|100/100
|move|p2a: Tauros|Body Slam|p1a: Snorlax
|-damage|p1a: Snorlax|75/100
|
|upkeep
|turn|15
|
|t:|1711942382
|move|p2a: Tauros|Body Slam|p1a: Snorlax
|-damage|p1a: Snorlax|49/100
|move|p1a: Snorlax|Body Slam|p2a: Tauros
|-damage|p2a: Tauros|71/100
|
|upkeep
|turn|16
|
|t:|1711942391
|move|p2a: Tauros|Body Slam|p1a: Snorlax
|-damage|p1a: Snorlax|24/100
|move|p1a: Snorlax|Reflect|p1a: Snorlax
|-start|p1a: Snorlax|Reflect
|
|upkeep
|turn|17
|
|t:|1711942403
|move|p2a: Tauros|Body Slam|p1a: Snorlax
|-damage|p1a: Snorlax|12/100
|move|p1a: Snorlax|Rest|p1a: Snorlax
|-status|p1a: Snorlax|slp|[from] move: Rest
|-heal|p1a: Snorlax|100/100 slp|[silent]
|
|upkeep
|turn|18
|
|t:|1711942410
|switch|p2a: Exeggutor|Exeggutor|100/100
|cant|p1a: Snorlax|slp
|
|upkeep
|turn|19
|
|t:|1711942416
|switch|p1a: Starmie|Starmie|100/100 par
|move|p2a: Exeggutor|Psychic|p1a: Starmie
|-resisted|p1a: Starmie
|-damage|p1a: Starmie|80/100 par
|-unboost|p1a: Starmie|spa|1
|-unboost|p1a: Starmie|spd|1
|
|upkeep
|turn|20
|
|t:|1711942434
|switch|p2a: Tauros|Tauros|71/100
|cant|p1a: Starmie|par
|
|upkeep
|turn|21
|
|t:|1711942438
|move|p2a: Tauros|Body Slam|p1a: Starmie
|-damage|p1a: Starmie|44/100 par
|move|p1a: Starmie|Thunder Wave|p2a: Tauros
|-status|p2a: Tauros|par
|
|upkeep
|turn|22
|
|t:|1711942444
|cant|p2a: Tauros|par
|cant|p1a: Starmie|par
|
|upkeep
|turn|23
|
|t:|1711942451
|switch|p1a: Chansey|Chansey|64/100 par
|cant|p2a: Tauros|par
|
|upkeep
|turn|24
|
|t:|1711942456
|move|p2a: Tauros|Hyper Beam|p1a: Chansey|[miss]
|-miss|p2a: Tauros
|move|p1a: Chansey|Soft-Boiled|p1a: Chansey
|-heal|p1a: Chansey|100/100 par
|
|upkeep
|turn|25
|
|t:|1711942460
|switch|p1a: Starmie|Starmie|44/100 par
|move|p2a: Tauros|Earthquake|p1a: Starmie
|-damage|p1a: Starmie|16/100 par
|
|upkeep
|turn|26
|
|t:|1711942467
|move|p1a: Starmie|Psychic|p2a: Tauros
|-damage|p2a: Tauros|35/100 par
|move|p2a: Tauros|Body Slam|p1a: Starmie
|-damage|p1a: Starmie|0 fnt
|faint|p1a: Starmie
|
|t:|1711942478
|switch|p1a: Tauros|Tauros|4/100
|turn|27
|
|t:|1711942487
|move|p1a: Tauros|Rest|p1a: Tauros
|-status|p1a: Tauros|slp|[from] move: Rest
|-heal|p1a: Tauros|100/100 slp|[silent]
|move|p2a: Tauros|Body Slam|p1a: Tauros
|-damage|p1a: Tauros|72/100 slp
|
|upkeep
|turn|28
|
|t:|1711942494
|cant|p1a: Tauros|slp
|move|p2a: Tauros|Body Slam|p1a: Tauros
|-damage|p1a: Tauros|42/100 slp
|
|upkeep
|turn|29
|
|t:|1711942504
|-curestatus|p1a: Tauros|slp|[msg]
|cant|p2a: Tauros|par
|
|upkeep
|turn|30
|
|t:|1711942509
|move|p1a: Tauros|Hyper Beam|p2a: Tauros
|-damage|p2a: Tauros|0 fnt
|faint|p2a: Tauros
|
|t:|1711942514
|switch|p2a: Exeggutor|Exeggutor|100/100
|turn|31
|
|t:|1711942519
|switch|p1a: Exeggutor|Exeggutor|33/100
|move|p2a: Exeggutor|Psychic|p1a: Exeggutor
|-resisted|p1a: Exeggutor
|-damage|p1a: Exeggutor|19/100
|
|upkeep
|turn|32
|
|t:|1711942528
|move|p2a: Exeggutor|Hyper Beam|p1a: Exeggutor
|-damage|p1a: Exeggutor|0 fnt
|faint|p1a: Exeggutor
|
|t:|1711942532
|switch|p1a: Chansey|Chansey|100/100 par
|turn|33
|
|t:|1711942541
|switch|p2a: Chansey|Chansey|100/100
|move|p1a: Chansey|Ice Beam|p2a: Chansey
|-damage|p2a: Chansey|90/100
|
|upkeep
|turn|34
|
|t:|1711942546
|move|p2a: Chansey|Seismic Toss|p1a: Chansey
|-damage|p1a: Chansey|86/100 par
|cant|p1a: Chansey|par
|
|upkeep
|turn|35
|
|t:|1711942551
|move|p2a: Chansey|Seismic Toss|p1a: Chansey
|-damage|p1a: Chansey|72/100 par
|move|p1a: Chansey|Ice Beam|p2a: Chansey
|-damage|p2a: Chansey|79/100
|-status|p2a: Chansey|frz
|
|upkeep
|turn|36
|
|t:|1711942559
|switch|p2a: Snorlax|Snorlax|100/100
|cant|p1a: Chansey|par
|
|upkeep
|turn|37
|
|t:|1711942568
|move|p2a: Snorlax|Amnesia|p2a: Snorlax
|-boost|p2a: Snorlax|spa|2
|-boost|p2a: Snorlax|spd|2
|cant|p1a: Chansey|par
|
|upkeep
|turn|38
|
|t:|1711942572
|move|p2a: Snorlax|Amnesia|p2a: Snorlax
|-boost|p2a: Snorlax|spa|2
|-boost|p2a: Snorlax|spd|2
|move|p1a: Chansey|Thunder Wave|p2a: Snorlax
|-status|p2a: Snorlax|par
|
|upkeep
|turn|39
|
|t:|1711942578
|move|p2a: Snorlax|Ice Beam|p1a: Chansey
|-damage|p1a: Chansey|47/100 par
|move|p1a: Chansey|Soft-Boiled|p1a: Chansey
|-heal|p1a: Chansey|97/100 par
|
|upkeep
|turn|40
|
|t:|1711942583
|cant|p2a: Snorlax|par
|move|p1a: Chansey|Ice Beam|p2a: Snorlax
|-damage|p2a: Snorlax|94/100 par
|
|upkeep
|turn|41
|
|t:|1711942587
|cant|p2a: Snorlax|par
|move|p1a: Chansey|Ice Beam|p2a: Snorlax
|-crit|p2a: Snorlax
|-damage|p2a: Snorlax|56/100 par
|
|upkeep
|turn|42
|
|t:|1711942592
|switch|p1a: Snorlax|Snorlax|100/100 slp
|move|p2a: Snorlax|Ice Beam|p1a: Snorlax
|-damage|p1a: Snorlax|61/100 slp
|
|upkeep
|turn|43
|j| mikonn
|
|t:|1711942602
|-curestatus|p1a: Snorlax|slp|[msg]
|move|p2a: Snorlax|Ice Beam|p1a: Snorlax
|-damage|p1a: Snorlax|17/100
|
|upkeep
|turn|44
|
|t:|1711942607
|move|p1a: Snorlax|Body Slam|p2a: Snorlax
|-damage|p2a: Snorlax|31/100 par
|move|p2a: Snorlax|Ice Beam|p1a: Snorlax
|-damage|p1a: Snorlax|0 fnt
|faint|p1a: Snorlax
|
|t:|1711942611
|switch|p1a: Tauros|Tauros|42/100
|turn|45
|
|t:|1711942616
|switch|p2a: Exeggutor|Exeggutor|100/100
|move|p1a: Tauros|Body Slam|p2a: Exeggutor
|-damage|p2a: Exeggutor|70/100
|
|upkeep
|turn|46
|
|t:|1711942621
|switch|p1a: Chansey|Chansey|97/100 par
|move|p2a: Exeggutor|Psychic|p1a: Chansey
|-damage|p1a: Chansey|81/100 par
|
|upkeep
|turn|47
|
|t:|1711942626
|move|p2a: Exeggutor|Psychic|p1a: Chansey
|-damage|p1a: Chansey|63/100 par
|move|p1a: Chansey|Ice Beam|p2a: Exeggutor
|-supereffective|p2a: Exeggutor
|-damage|p2a: Exeggutor|34/100
|
|upkeep
|turn|48
|
|t:|1711942640
|move|p2a: Exeggutor|Psychic|p1a: Chansey
|-damage|p1a: Chansey|45/100 par
|move|p1a: Chansey|Soft-Boiled|p1a: Chansey
|-heal|p1a: Chansey|95/100 par
|
|upkeep
|turn|49
|
|t:|1711942657
|move|p2a: Exeggutor|Psychic|p1a: Chansey
|-damage|p1a: Chansey|77/100 par
|-unboost|p1a: Chansey|spa|1
|-unboost|p1a: Chansey|spd|1
|move|p1a: Chansey|Ice Beam|p2a: Exeggutor
|-supereffective|p2a: Exeggutor
|-damage|p2a: Exeggutor|13/100
|
|upkeep
|turn|50
|
|t:|1711942664
|move|p2a: Exeggutor|Psychic|p1a: Chansey
|-damage|p1a: Chansey|50/100 par
|move|p1a: Chansey|Soft-Boiled|p1a: Chansey
|-heal|p1a: Chansey|99/100 par
|
|upkeep
|turn|51
|
|t:|1711942670
|move|p2a: Exeggutor|Psychic|p1a: Chansey
|-damage|p1a: Chansey|73/100 par
|-unboost|p1a: Chansey|spa|1
|-unboost|p1a: Chansey|spd|1
|move|p1a: Chansey|Ice Beam|p2a: Exeggutor
|-supereffective|p2a: Exeggutor
|-damage|p2a: Exeggutor|0 fnt
|faint|p2a: Exeggutor
|
|t:|1711942677
|switch|p2a: Slowbro|Slowbro|100/100
|turn|52
|
|t:|1711942685
|move|p2a: Slowbro|Amnesia|p2a: Slowbro
|-boost|p2a: Slowbro|spa|2
|-boost|p2a: Slowbro|spd|2
|move|p1a: Chansey|Thunder Wave|p2a: Slowbro
|-status|p2a: Slowbro|par
|
|upkeep
|turn|53
|
|t:|1711942693
|move|p2a: Slowbro|Surf|p1a: Chansey
|-damage|p1a: Chansey|20/100 par
|cant|p1a: Chansey|par
|
|upkeep
|turn|54
|
|t:|1711942697
|move|p2a: Slowbro|Surf|p1a: Chansey
|-damage|p1a: Chansey|0 fnt
|faint|p1a: Chansey
|
|t:|1711942699
|switch|p1a: Tauros|Tauros|42/100
|turn|55
|
|t:|1711942702
|move|p1a: Tauros|Body Slam|p2a: Slowbro
|-damage|p2a: Slowbro|76/100 par
|cant|p2a: Slowbro|par
|
|upkeep
|turn|56
|
|t:|1711942707
|move|p1a: Tauros|Body Slam|p2a: Slowbro
|-damage|p2a: Slowbro|53/100 par
|move|p2a: Slowbro|Surf|p1a: Tauros
|-damage|p1a: Tauros|0 fnt
|faint|p1a: Tauros
|
|win|RBYZA PersNegRNG
|raw|Quamnckkk's rating: 1354 &rarr; <strong>1347</strong><br />(-7 for losing)
|raw|RBYZA PersNegRNG's rating: 1615 &rarr; <strong>1622</strong><br />(+7 for winning)
|l|☆Quamnckkk
|player|p1|
|l| rbyza acii
|j| violet0716
|l| mikonn
|j| rbyza haxerohaxero
|l| rbyza haxerohaxero
|l|rbyzapersnegrng
|l| Noobish Noob
|l| violet0716
|j| UltiNooba19
|l| UltiNooba19
