|j|☆pleasepatient
|j|☆emerald6
|t:|1711934307
|gametype|singles
|player|p1|pleasepatient|sage|1117
|player|p2|emerald6|bugsy|1206
|teamsize|p1|6
|teamsize|p2|6
|gen|1
|tier|[Gen 1] OU
|rated|
|rule|Desync Clause Mod: Desyncs changed to move failure.
|rule|Sleep Clause Mod: Limit one foe put to sleep
|rule|Freeze Clause Mod: Limit one foe frozen
|rule|Species Clause: Limit one of each Pokémon
|rule|OHKO Clause: OHKO moves are banned
|rule|Evasion Moves Clause: Evasion moves are banned
|rule|Endless Battle Clause: Forcing endless battles is banned
|rule|HP Percentage Mod: HP is shown in percentages
|
|t:|1711934307
|start
|switch|p1a: Exeggutor|Exeggutor|100/100
|switch|p2a: spoopy|Alakazam|100/100
|turn|1
|inactive|Battle timer is ON: inactive players will automatically lose when time's up. (requested by pleasepatient)
|inactive|emerald6 has 120 seconds left.
|
|t:|1711934363
|move|p2a: spoopy|Thunder Wave|p1a: Exeggutor
|-status|p1a: Exeggutor|par
|move|p1a: Exeggutor|Sleep Powder|p2a: spoopy|[miss]
|-miss|p1a: Exeggutor
|
|upkeep
|turn|2
|
|t:|1711934366
|move|p2a: spoopy|Seismic Toss|p1a: Exeggutor
|-damage|p1a: Exeggutor|75/100 par
|move|p1a: Exeggutor|Sleep Powder|p2a: spoopy
|-status|p2a: spoopy|slp|[from] move: Sleep Powder
|
|upkeep
|turn|3
|inactive|emerald6 has 120 seconds left.
|inactive|emerald6 has 90 seconds left.
|
|t:|1711934439
|switch|p2a: Dudebro|Snorlax|100/100
|switch|p1a: Snorlax|Snorlax|100/100
|
|upkeep
|turn|4
|
|t:|1711934442
|move|p2a: Dudebro|Body Slam|p1a: Snorlax
|-damage|p1a: Snorlax|76/100
|move|p1a: Snorlax|Body Slam|p2a: Dudebro
|-damage|p2a: Dudebro|75/100
|
|upkeep
|turn|5
|inactive|emerald6 has 90 seconds left.
|
|t:|1711934475
|move|p2a: Dudebro|Reflect|p2a: Dudebro
|-start|p2a: Dudebro|Reflect
|move|p1a: Snorlax|Self-Destruct|p2a: Dudebro
|-damage|p2a: Dudebro|38/100
|faint|p1a: Snorlax
|
|t:|1711934479
|switch|p1a: Cloyster|Cloyster|100/100
|turn|6
|
|t:|1711934483
|switch|p2a: Bill Fagerbakke|Starmie|100/100
|move|p1a: Cloyster|Clamp|p2a: Bill Fagerbakke
|-resisted|p2a: Bill Fagerbakke
|-damage|p2a: Bill Fagerbakke|95/100
|
|upkeep
|turn|7
|
|t:|1711934489
|switch|p1a: Chansey|Chansey|100/100
|cant|p2a: Bill Fagerbakke|partiallytrapped
|
|upkeep
|turn|8
|
|t:|1711934495
|switch|p2a: Dudebro|Snorlax|38/100
|move|p1a: Chansey|Thunderbolt|p2a: Dudebro
|-damage|p2a: Dudebro|20/100
|
|upkeep
|turn|9
|
|t:|1711934500
|move|p1a: Chansey|Thunderbolt|p2a: Dudebro
|-damage|p2a: Dudebro|1/100
|move|p2a: Dudebro|Rest|p2a: Dudebro
|-status|p2a: Dudebro|slp|[from] move: Rest
|-heal|p2a: Dudebro|100/100 slp|[silent]
|
|upkeep
|turn|10
|
|t:|1711934508
|switch|p1a: Gengar|Gengar|100/100
|cant|p2a: Dudebro|slp
|
|upkeep
|turn|11
|inactive|emerald6 has 120 seconds left.
|
|t:|1711934515
|move|p1a: Gengar|Psychic|p2a: Dudebro
|-damage|p2a: Dudebro|80/100 slp
|-curestatus|p2a: Dudebro|slp|[msg]
|
|upkeep
|turn|12
|
|t:|1711934520
|switch|p2a: spoopy|Alakazam|100/100 slp
|move|p1a: Gengar|Psychic|p2a: spoopy
|-resisted|p2a: spoopy
|-damage|p2a: spoopy|91/100 slp
|-unboost|p2a: spoopy|spa|1
|-unboost|p2a: spoopy|spd|1
|
|upkeep
|turn|13
|
|t:|1711934523
|cant|p2a: spoopy|slp
|move|p1a: Gengar|Thunderbolt|p2a: spoopy
|-damage|p2a: spoopy|53/100 slp
|
|upkeep
|turn|14
|
|t:|1711934538
|switch|p2a: Bill Fagerbakke|Starmie|95/100
|move|p1a: Gengar|Thunderbolt|p2a: Bill Fagerbakke
|-supereffective|p2a: Bill Fagerbakke
|-damage|p2a: Bill Fagerbakke|39/100
|
|upkeep
|turn|15
|
|t:|1711934557
|move|p2a: Bill Fagerbakke|Psychic|p1a: Gengar|[miss]
|-miss|p2a: Bill Fagerbakke
|-hint|In Gen 1, moves with 100% accuracy can still miss 1/256 of the time.
|move|p1a: Gengar|Thunderbolt|p2a: Bill Fagerbakke
|-supereffective|p2a: Bill Fagerbakke
|-damage|p2a: Bill Fagerbakke|0 fnt
|faint|p2a: Bill Fagerbakke
|c|☆emerald6|...
|
|t:|1711934586
|switch|p2a: Zapdos|Zapdos|100/100
|turn|16
|
|t:|1711934600
|switch|p1a: Chansey|Chansey|100/100
|move|p2a: Zapdos|Thunder Wave|p1a: Chansey
|-status|p1a: Chansey|par
|
|upkeep
|turn|17
|
|t:|1711934611
|move|p2a: Zapdos|Drill Peck|p1a: Chansey
|-damage|p1a: Chansey|68/100 par
|cant|p1a: Chansey|par
|
|upkeep
|turn|18
|
|t:|1711934615
|move|p2a: Zapdos|Drill Peck|p1a: Chansey
|-damage|p1a: Chansey|35/100 par
|move|p1a: Chansey|Ice Beam|p2a: Zapdos
|-supereffective|p2a: Zapdos
|-damage|p2a: Zapdos|69/100
|
|upkeep
|turn|19
|
|t:|1711934618
|move|p2a: Zapdos|Drill Peck|p1a: Chansey
|-damage|p1a: Chansey|1/100 par
|move|p1a: Chansey|Soft-Boiled|p1a: Chansey
|-heal|p1a: Chansey|51/100 par
|
|upkeep
|turn|20
|
|t:|1711934622
|move|p2a: Zapdos|Drill Peck|p1a: Chansey
|-damage|p1a: Chansey|16/100 par
|move|p1a: Chansey|Soft-Boiled|p1a: Chansey
|-heal|p1a: Chansey|66/100 par
|
|upkeep
|turn|21
|
|t:|1711934626
|move|p2a: Zapdos|Drill Peck|p1a: Chansey
|-damage|p1a: Chansey|34/100 par
|cant|p1a: Chansey|par
|
|upkeep
|turn|22
|
|t:|1711934629
|move|p2a: Zapdos|Drill Peck|p1a: Chansey
|-damage|p1a: Chansey|1/100 par
|move|p1a: Chansey|Soft-Boiled|p1a: Chansey
|-heal|p1a: Chansey|51/100 par
|
|upkeep
|turn|23
|
|t:|1711934632
|move|p2a: Zapdos|Drill Peck|p1a: Chansey
|-damage|p1a: Chansey|20/100 par
|move|p1a: Chansey|Soft-Boiled|p1a: Chansey
|-heal|p1a: Chansey|69/100 par
|
|upkeep
|turn|24
|
|t:|1711934634
|move|p2a: Zapdos|Drill Peck|p1a: Chansey
|-damage|p1a: Chansey|37/100 par
|move|p1a: Chansey|Soft-Boiled|p1a: Chansey
|-heal|p1a: Chansey|87/100 par
|
|upkeep
|turn|25
|
|t:|1711934637
|move|p2a: Zapdos|Drill Peck|p1a: Chansey
|-crit|p1a: Chansey
|-damage|p1a: Chansey|23/100 par
|cant|p1a: Chansey|par
|
|upkeep
|turn|26
|
|t:|1711934642
|switch|p1a: Gengar|Gengar|100/100
|move|p2a: Zapdos|Drill Peck|p1a: Gengar
|-damage|p1a: Gengar|63/100
|
|upkeep
|turn|27
|
|t:|1711934645
|switch|p2a: spoopy|Alakazam|53/100 slp
|move|p1a: Gengar|Explosion|p2a: spoopy
|-damage|p2a: spoopy|0 fnt
|faint|p2a: spoopy
|faint|p1a: Gengar
|
|t:|1711934652
|switch|p2a: Zapdos|Zapdos|69/100
|switch|p1a: Exeggutor|Exeggutor|75/100 par
|turn|28
|
|t:|1711934655
|move|p2a: Zapdos|Drill Peck|p1a: Exeggutor
|-crit|p1a: Exeggutor
|-supereffective|p1a: Exeggutor
|-damage|p1a: Exeggutor|0 fnt
|faint|p1a: Exeggutor
|
|t:|1711934660
|switch|p1a: Tauros|Tauros|100/100
|turn|29
|inactive|emerald6 has 120 seconds left.
|
|t:|1711934692
|switch|p2a: Dudebro|Snorlax|80/100
|move|p1a: Tauros|Blizzard|p2a: Dudebro
|-crit|p2a: Dudebro
|-damage|p2a: Dudebro|44/100
|
|upkeep
|turn|30
|
|t:|1711934702
|move|p1a: Tauros|Blizzard|p2a: Dudebro
|-crit|p2a: Dudebro
|-damage|p2a: Dudebro|11/100
|move|p2a: Dudebro|Reflect|p2a: Dudebro
|-start|p2a: Dudebro|Reflect
|
|upkeep
|turn|31
|inactive|emerald6 has 120 seconds left.
|inactive|emerald6 has 90 seconds left.
|
|t:|1711934753
|move|p1a: Tauros|Body Slam|p2a: Dudebro
|-damage|p2a: Dudebro|0 fnt
|faint|p2a: Dudebro
|
|t:|1711934756
|switch|p2a: Bulls--t|Tauros|100/100
|turn|32
|
|t:|1711934763
|switch|p1a: Cloyster|Cloyster|100/100
|move|p2a: Bulls--t|Blizzard|p1a: Cloyster
|-crit|p1a: Cloyster
|-resisted|p1a: Cloyster
|-damage|p1a: Cloyster|88/100
|
|upkeep
|turn|33
|
|t:|1711934774
|move|p2a: Bulls--t|Body Slam|p1a: Cloyster
|-damage|p1a: Cloyster|67/100
|move|p1a: Cloyster|Clamp|p2a: Bulls--t
|-damage|p2a: Bulls--t|87/100
|
|upkeep
|turn|34
|
|t:|1711934778
|cant|p2a: Bulls--t|partiallytrapped
|move|p1a: Cloyster|Clamp|p2a: Bulls--t|[from]Clamp
|-damage|p2a: Bulls--t|74/100
|
|upkeep
|turn|35
|
|t:|1711934780
|move|p2a: Bulls--t|Body Slam|p1a: Cloyster
|-crit|p1a: Cloyster
|-damage|p1a: Cloyster|27/100
|move|p1a: Cloyster|Clamp|p2a: Bulls--t|[miss]
|-miss|p1a: Cloyster
|
|upkeep
|turn|36
|
|t:|1711934787
|move|p2a: Bulls--t|Body Slam|p1a: Cloyster
|-crit|p1a: Cloyster
|-damage|p1a: Cloyster|0 fnt
|faint|p1a: Cloyster
|c|☆pleasepatient|Lucky
|
|t:|1711934804
|switch|p1a: Tauros|Tauros|100/100
|turn|37
|
|t:|1711934828
|move|p1a: Tauros|Body Slam|p2a: Bulls--t
|-damage|p2a: Bulls--t|47/100
|move|p2a: Bulls--t|Blizzard|p1a: Tauros
|-damage|p1a: Tauros|72/100
|
|upkeep
|turn|38
|c|☆emerald6|look at the nickname
|inactive|pleasepatient has 120 seconds left.
|c|☆emerald6|if you cant 100% win, you can still bullshit your way in RBY lol
|inactive|pleasepatient has 90 seconds left.
|inactive|pleasepatient has 60 seconds left.
|c|☆pleasepatient|True just slang
|c|☆pleasepatient|Salty
|
|t:|1711934943
|move|p2a: Bulls--t|Hyper Beam|p1a: Tauros
|-damage|p1a: Tauros|17/100
|-mustrecharge|p2a: Bulls--t
|move|p1a: Tauros|Hyper Beam|p2a: Bulls--t|[miss]
|-miss|p1a: Tauros
|
|upkeep
|turn|39
|
|t:|1711934949
|move|p1a: Tauros|Hyper Beam|p2a: Bulls--t
|-damage|p2a: Bulls--t|0 fnt
|faint|p2a: Bulls--t
|
|t:|1711934955
|switch|p2a: Sunny Side Up|Chansey|100/100
|turn|40
|inactive|pleasepatient has 60 seconds left.
|
|t:|1711934962
|move|p1a: Tauros|Hyper Beam|p2a: Sunny Side Up
|-crit|p2a: Sunny Side Up
|-damage|p2a: Sunny Side Up|0 fnt
|faint|p2a: Sunny Side Up
|
|t:|1711934964
|switch|p2a: Zapdos|Zapdos|69/100
|turn|41
|
|t:|1711934974
|move|p1a: Tauros|Hyper Beam|p2a: Zapdos
|-crit|p2a: Zapdos
|-damage|p2a: Zapdos|0 fnt
|faint|p2a: Zapdos
|
|win|pleasepatient
|raw|pleasepatient's rating: 1117 &rarr; <strong>1148</strong><br />(+31 for winning)
|raw|emerald6's rating: 1206 &rarr; <strong>1175</strong><br />(-31 for losing)
|c|☆emerald6|gg
|c|☆pleasepatient|Gg
