|j|☆RBYZA GOF
|j|☆RBYZA Ban Sing
|t:|1711935592
|gametype|singles
|player|p1|RBYZA GOF|lucas|1613
|player|p2|RBYZA Ban Sing|acetrainer-gen4dp|1523
|teamsize|p1|6
|teamsize|p2|6
|gen|1
|tier|[Gen 1] OU
|rated|
|rule|Desync Clause Mod: Desyncs changed to move failure.
|rule|Sleep Clause Mod: Limit one foe put to sleep
|rule|Freeze Clause Mod: Limit one foe frozen
|rule|Species Clause: Limit one of each Pokémon
|rule|OHKO Clause: OHKO moves are banned
|rule|Evasion Moves Clause: Evasion moves are banned
|rule|Endless Battle Clause: Forcing endless battles is banned
|rule|HP Percentage Mod: HP is shown in percentages
|
|t:|1711935592
|start
|switch|p1a: Jynx|Jynx|100/100
|switch|p2a: Starmie|Starmie|100/100
|turn|1
|j| rbyza acii
|j| Ventous
|inactive|Battle timer is ON: inactive players will automatically lose when time's up. (requested by RBYZA GOF)
|j| N00bsTeam
|
|t:|1711935613
|move|p2a: Starmie|Thunder Wave|p1a: Jynx
|-status|p1a: Jynx|par
|move|p1a: Jynx|Lovely Kiss|p2a: Starmie
|-status|p2a: Starmie|slp|[from] move: Lovely Kiss
|
|upkeep
|turn|2
|j| ORASZ finchfan72
|
|t:|1711935619
|switch|p2a: Snorlax|Snorlax|100/100
|switch|p1a: Tauros|Tauros|100/100
|
|upkeep
|turn|3
|
|t:|1711935625
|switch|p1a: Chansey|Chansey|100/100
|move|p2a: Snorlax|Body Slam|p1a: Chansey
|-damage|p1a: Chansey|60/100
|
|upkeep
|turn|4
|j|+emma
|j| Strange Cr3ature
|l| Ventous
|
|t:|1711935630
|move|p1a: Chansey|Soft-Boiled|p1a: Chansey
|-heal|p1a: Chansey|100/100
|move|p2a: Snorlax|Body Slam|p1a: Chansey
|-damage|p1a: Chansey|59/100
|
|upkeep
|turn|5
|
|t:|1711935635
|move|p1a: Chansey|Thunder Wave|p2a: Snorlax
|-status|p2a: Snorlax|par
|move|p2a: Snorlax|Body Slam|p1a: Chansey
|-damage|p1a: Chansey|18/100
|
|upkeep
|turn|6
|
|t:|1711935639
|switch|p2a: Exeggutor|Exeggutor|100/100
|move|p1a: Chansey|Soft-Boiled|p1a: Chansey
|-heal|p1a: Chansey|68/100
|
|upkeep
|turn|7
|
|t:|1711935646
|switch|p2a: Snorlax|Snorlax|100/100 par
|switch|p1a: Jynx|Jynx|100/100 par
|
|upkeep
|turn|8
|
|t:|1711935651
|switch|p1a: Snorlax|Snorlax|100/100
|move|p2a: Snorlax|Body Slam|p1a: Snorlax
|-damage|p1a: Snorlax|73/100
|
|upkeep
|turn|9
|
|t:|1711935656
|move|p1a: Snorlax|Body Slam|p2a: Snorlax
|-damage|p2a: Snorlax|75/100 par
|move|p2a: Snorlax|Body Slam|p1a: Snorlax
|-damage|p1a: Snorlax|48/100
|
|upkeep
|turn|10
|
|t:|1711935662
|switch|p2a: Exeggutor|Exeggutor|100/100
|move|p1a: Snorlax|Body Slam|p2a: Exeggutor
|-damage|p2a: Exeggutor|71/100
|
|upkeep
|turn|11
|
|t:|1711935669
|switch|p2a: Tauros|Tauros|100/100
|switch|p1a: Jynx|Jynx|100/100 par
|
|upkeep
|turn|12
|
|t:|1711935675
|move|p2a: Tauros|Body Slam|p1a: Jynx
|-damage|p1a: Jynx|46/100 par
|move|p1a: Jynx|Blizzard|p2a: Tauros
|-damage|p2a: Tauros|54/100
|
|upkeep
|turn|13
|
|t:|1711935681
|switch|p1a: Starmie|Starmie|100/100
|move|p2a: Tauros|Body Slam|p1a: Starmie
|-damage|p1a: Starmie|65/100
|
|upkeep
|turn|14
|
|t:|1711935688
|switch|p2a: Chansey|Chansey|100/100
|move|p1a: Starmie|Thunder Wave|p2a: Chansey
|-status|p2a: Chansey|par
|
|upkeep
|turn|15
|
|t:|1711935695
|move|p1a: Starmie|Recover|p1a: Starmie
|-heal|p1a: Starmie|100/100
|move|p2a: Chansey|Sing|p1a: Starmie
|-status|p1a: Starmie|slp|[from] move: Sing
|
|upkeep
|turn|16
|
|t:|1711935704
|switch|p1a: Snorlax|Snorlax|48/100
|switch|p2a: Snorlax|Snorlax|75/100 par
|
|upkeep
|turn|17
|
|t:|1711935713
|move|p1a: Snorlax|Body Slam|p2a: Snorlax
|-damage|p2a: Snorlax|49/100 par
|move|p2a: Snorlax|Self-Destruct|p1a: Snorlax
|-damage|p1a: Snorlax|0 fnt
|faint|p1a: Snorlax
|faint|p2a: Snorlax
|j|+Sceptross
|
|t:|1711935734
|switch|p1a: Chansey|Chansey|68/100
|switch|p2a: Chansey|Chansey|100/100 par
|turn|18
|
|t:|1711935745
|move|p1a: Chansey|Soft-Boiled|p1a: Chansey
|-heal|p1a: Chansey|100/100
|move|p2a: Chansey|Ice Beam|p1a: Chansey
|-damage|p1a: Chansey|89/100
|
|upkeep
|turn|19
|
|t:|1711935748
|switch|p1a: Jynx|Jynx|46/100 par
|move|p2a: Chansey|Ice Beam|p1a: Jynx
|-resisted|p1a: Jynx
|-damage|p1a: Jynx|34/100 par
|
|upkeep
|turn|20
|
|t:|1711935757
|cant|p1a: Jynx|par
|cant|p2a: Chansey|par
|
|upkeep
|turn|21
|
|t:|1711935762
|cant|p1a: Jynx|par
|move|p2a: Chansey|Ice Beam|p1a: Jynx
|-resisted|p1a: Jynx
|-damage|p1a: Jynx|23/100 par
|
|upkeep
|turn|22
|
|t:|1711935768
|switch|p2a: Tauros|Tauros|54/100
|move|p1a: Jynx|Blizzard|p2a: Tauros|[miss]
|-miss|p1a: Jynx
|
|upkeep
|turn|23
|c|☆RBYZA GOF|ha
|c|☆RBYZA Ban Sing|lo siento
|c|☆RBYZA GOF|xe
|c|☆RBYZA GOF|ro
|c| rbyza acii|:((
|c|☆RBYZA GOF|evitó un stab blizzard con un tauros 54%
|c|☆RBYZA GOF|KEK
|inactive|RBYZA GOF has 120 seconds left.
|
|t:|1711935810
|move|p2a: Tauros|Body Slam|p1a: Jynx
|-damage|p1a: Jynx|0 fnt
|faint|p1a: Jynx
|j| haxerohaxerohaxero
|
|t:|1711935814
|switch|p1a: Tauros|Tauros|100/100
|turn|24
|
|t:|1711935821
|switch|p2a: Starmie|Starmie|100/100 slp
|move|p1a: Tauros|Body Slam|p2a: Starmie
|-damage|p2a: Starmie|64/100 slp
|
|upkeep
|turn|25
|
|t:|1711935828
|cant|p2a: Starmie|slp
|move|p1a: Tauros|Body Slam|p2a: Starmie
|-damage|p2a: Starmie|30/100 slp
|
|upkeep
|turn|26
|
|t:|1711935832
|cant|p2a: Starmie|slp
|move|p1a: Tauros|Body Slam|p2a: Starmie
|-damage|p2a: Starmie|0 fnt
|faint|p2a: Starmie
|
|t:|1711935836
|switch|p2a: Chansey|Chansey|100/100 par
|turn|27
|
|t:|1711935849
|move|p1a: Tauros|Body Slam|p2a: Chansey
|-damage|p2a: Chansey|64/100 par
|move|p2a: Chansey|Thunder Wave|p1a: Tauros
|-status|p1a: Tauros|par
|
|upkeep
|turn|28
|
|t:|1711935863
|switch|p2a: Zapdos|Zapdos|100/100
|cant|p1a: Tauros|par
|
|upkeep
|turn|29
|j| mikonn
|c|☆RBYZA GOF|evitó body slam en zap
|c|☆RBYZA GOF|como el rng juega por él y elimina a lax como si nada importara
|inactive|RBYZA GOF has 120 seconds left.
|c|☆RBYZA GOF|entonces puede darse ese clase de lujos
|c|☆RBYZA GOF|narwhal no es capaz de dar juegos de rby ou reales?
|
|t:|1711935922
|switch|p2a: Exeggutor|Exeggutor|71/100
|switch|p1a: Chansey|Chansey|89/100
|
|upkeep
|turn|30
|
|t:|1711935927
|switch|p2a: Chansey|Chansey|64/100 par
|move|p1a: Chansey|Ice Beam|p2a: Chansey
|-crit|p2a: Chansey
|-damage|p2a: Chansey|43/100 par
|
|upkeep
|turn|31
|
|t:|1711935933
|switch|p1a: Tauros|Tauros|100/100 par
|move|p2a: Chansey|Ice Beam|p1a: Tauros
|-damage|p1a: Tauros|73/100 par
|
|upkeep
|turn|32
|
|t:|1711935944
|switch|p2a: Zapdos|Zapdos|100/100
|move|p1a: Tauros|Body Slam|p2a: Zapdos
|-damage|p2a: Zapdos|72/100
|
|upkeep
|turn|33
|
|t:|1711935950
|switch|p2a: Exeggutor|Exeggutor|71/100
|switch|p1a: Chansey|Chansey|89/100
|
|upkeep
|turn|34
|inactive|RBYZA GOF has 120 seconds left.
|
|t:|1711935956
|switch|p2a: Chansey|Chansey|43/100 par
|move|p1a: Chansey|Ice Beam|p2a: Chansey
|-damage|p2a: Chansey|32/100 par
|
|upkeep
|turn|35
|
|t:|1711935963
|switch|p1a: Tauros|Tauros|73/100 par
|move|p2a: Chansey|Ice Beam|p1a: Tauros
|-damage|p1a: Tauros|46/100 par
|
|upkeep
|turn|36
|
|t:|1711935969
|switch|p2a: Zapdos|Zapdos|72/100
|cant|p1a: Tauros|par
|
|upkeep
|turn|37
|c|☆RBYZA GOF|no eres un rbyer real
|c|☆RBYZA GOF|XD
|c|☆RBYZA GOF|eres un fake
|inactive|RBYZA GOF has 120 seconds left.
|
|t:|1711935991
|switch|p1a: Chansey|Chansey|89/100
|move|p2a: Zapdos|Drill Peck|p1a: Chansey
|-damage|p1a: Chansey|54/100
|
|upkeep
|turn|38
|
|t:|1711935997
|switch|p2a: Chansey|Chansey|32/100 par
|move|p1a: Chansey|Soft-Boiled|p1a: Chansey
|-heal|p1a: Chansey|100/100
|
|upkeep
|turn|39
|
|t:|1711936004
|switch|p1a: Tauros|Tauros|46/100 par
|move|p2a: Chansey|Ice Beam|p1a: Tauros
|-damage|p1a: Tauros|20/100 par
|
|upkeep
|turn|40
|
|t:|1711936016
|switch|p2a: Tauros|Tauros|54/100
|cant|p1a: Tauros|par
|
|upkeep
|turn|41
|inactive|RBYZA GOF has 120 seconds left.
|j| Lazuli
|c|☆RBYZA GOF|3 parálisis completas de tauros en una situación en la que no tiene volumen físico para amurallar al tauros
|c|☆RBYZA GOF|y todo porque usó self destruct sin pensar en las consecuencias
|inactive|RBYZA GOF has 90 seconds left.
|c|☆RBYZA Ban Sing|quizas pudiste ir a chansey y no recibir t wave con tauros :thinking:
|c|☆RBYZA GOF|narwhal juega así porque confía en que el rng hará el trabajo por él
|c|☆RBYZA GOF|y funcionó XD
|inactive|RBYZA GOF has 60 seconds left.
|c|☆RBYZA Ban Sing|y funciono !
|j| RBYZA Carapinga
|l|rbyzacarapinga
|
|t:|1711936106
|move|p2a: Tauros|Body Slam|p1a: Tauros
|-damage|p1a: Tauros|0 fnt
|faint|p1a: Tauros
|
|t:|1711936111
|switch|p1a: Exeggutor|Exeggutor|100/100
|turn|42
|inactive|RBYZA GOF has 60 seconds left.
|
|t:|1711936132
|move|p2a: Tauros|Hyper Beam|p1a: Exeggutor
|-damage|p1a: Exeggutor|47/100
|-mustrecharge|p2a: Tauros
|move|p1a: Exeggutor|Sleep Powder|p2a: Tauros
|-status|p2a: Tauros|slp|[from] move: Sleep Powder
|-hint|In Gen 1, if a Pokémon that has just used Hyper Beam and has yet to recharge is targeted with a sleep inducing move, any other status it may already have will be ignored and sleep will be induced regardless.
|
|upkeep
|turn|43
|c| ORASZ finchfan72|https://media.tenor.com/Fl5q2ofsJ0YAAAAM/bee-movie-bruh.gif
|
|t:|1711936139
|switch|p2a: Exeggutor|Exeggutor|71/100
|move|p1a: Exeggutor|Mega Drain|p2a: Exeggutor
|-resisted|p2a: Exeggutor
|-damage|p2a: Exeggutor|65/100
|-heal|p1a: Exeggutor|50/100|[from] drain|[of] p2a: Exeggutor
|
|upkeep
|turn|44
|
|t:|1711936148
|move|p2a: Exeggutor|Psychic|p1a: Exeggutor
|-resisted|p1a: Exeggutor
|-damage|p1a: Exeggutor|38/100
|-unboost|p1a: Exeggutor|spa|1
|-unboost|p1a: Exeggutor|spd|1
|move|p1a: Exeggutor|Explosion|p2a: Exeggutor
|-damage|p2a: Exeggutor|0 fnt
|faint|p2a: Exeggutor
|faint|p1a: Exeggutor
|
|t:|1711936154
|switch|p2a: Chansey|Chansey|32/100 par
|switch|p1a: Chansey|Chansey|100/100
|turn|45
|
|t:|1711936157
|move|p1a: Chansey|Ice Beam|p2a: Chansey
|-damage|p2a: Chansey|21/100 par
|move|p2a: Chansey|Soft-Boiled|p2a: Chansey
|-heal|p2a: Chansey|71/100 par
|
|upkeep
|turn|46
|inactive|RBYZA GOF has 90 seconds left.
|c|☆RBYZA GOF|ggs b
|l| Strange Cr3ature
|c|☆RBYZA GOF|pero deja de depender del rng para ganar juegos
|j| Strange Cr3ature
|c|☆RBYZA Ban Sing|bro vileman what is this gif
|inactive|RBYZA GOF has 60 seconds left.
|n| i take no risk gg|haxerohaxerohaxero
|c| ORASZ finchfan72|average gof game from what ive seen
|-message|RBYZA GOF forfeited.
|
|win|RBYZA Ban Sing
|raw|RBYZA GOF's rating: 1586 &rarr; <strong>1562</strong><br />(-24 for losing)
|raw|RBYZA Ban Sing's rating: 1523 &rarr; <strong>1547</strong><br />(+24 for winning)
|l|☆RBYZA GOF
|player|p1|
|j|☆RBYZA GOF
|player|p1|RBYZA GOF|lucas
|l| Strange Cr3ature
|l|☆RBYZA Ban Sing
|player|p2|
|l| i take no risk gg
|l|☆RBYZA GOF
|player|p1|
|l| ORASZ finchfan72
|j| i take no risk gg
