{"id":"gen1ou-2093332197","format":"[Gen 1] OU","players":["dawngarden","The Bakerman"],"log":"|j|\u2606dawngarden\n|j|\u2606The Bakerman\n|t:|1711940439\n|gametype|singles\n|player|p1|dawngarden|aromalady|1141\n|player|p2|The Bakerman|baker|1376\n|teamsize|p1|6\n|teamsize|p2|6\n|gen|1\n|tier|[Gen 1] OU\n|rated|\n|rule|Desync Clause Mod: Desyncs changed to move failure.\n|rule|Sleep Clause Mod: Limit one foe put to sleep\n|rule|Freeze Clause Mod: Limit one foe frozen\n|rule|Species Clause: Limit one of each Pok\u00e9mon\n|rule|OHKO Clause: OHKO moves are banned\n|rule|Evasion Moves Clause: Evasion moves are banned\n|rule|Endless Battle Clause: Forcing endless battles is banned\n|rule|HP Percentage Mod: HP is shown in percentages\n|\n|t:|1711940439\n|start\n|switch|p1a: Ditto|Ditto|100\/100\n|switch|p2a: Macaron|Jynx|100\/100\n|turn|1\n|inactive|Battle timer is ON: inactive players will automatically lose when time's up. (requested by The Bakerman)\n|c|\u2606The Bakerman|Awesome\n|\n|t:|1711940465\n|move|p2a: Macaron|Lovely Kiss|p1a: Ditto|[miss]\n|-miss|p2a: Macaron\n|move|p1a: Ditto|Transform|p2a: Macaron\n|-transform|p1a: Ditto|p2a: Macaron\n|\n|upkeep\n|turn|2\n|\n|t:|1711940471\n|move|p2a: Macaron|Lovely Kiss|p1a: Ditto\n|-status|p1a: Ditto|slp|[from] move: Lovely Kiss\n|cant|p1a: Ditto|slp\n|\n|upkeep\n|turn|3\n|\n|t:|1711940478\n|move|p2a: Macaron|Seismic Toss|p1a: Ditto\n|-damage|p1a: Ditto|67\/100 slp\n|-curestatus|p1a: Ditto|slp|[msg]\n|\n|upkeep\n|turn|4\n|\n|t:|1711940485\n|move|p2a: Macaron|Lovely Kiss|p1a: Ditto\n|-status|p1a: Ditto|slp|[from] move: Lovely Kiss\n|-curestatus|p1a: Ditto|slp|[msg]\n|\n|upkeep\n|turn|5\n|\n|t:|1711940490\n|move|p2a: Macaron|Lovely Kiss|p1a: Ditto|[miss]\n|-miss|p2a: Macaron\n|move|p1a: Ditto|Lovely Kiss|p2a: Macaron\n|-status|p2a: Macaron|slp|[from] move: Lovely Kiss\n|\n|upkeep\n|turn|6\n|\n|t:|1711940498\n|switch|p2a: Sourdough|Chansey|100\/100\n|move|p1a: Ditto|Seismic Toss|p2a: Sourdough\n|-damage|p2a: Sourdough|86\/100\n|\n|upkeep\n|turn|7\n|\n|t:|1711940507\n|move|p1a: Ditto|Psychic|p2a: Sourdough\n|-damage|p2a: Sourdough|73\/100\n|move|p2a: Sourdough|Thunderbolt|p1a: Ditto\n|-damage|p1a: Ditto|39\/100\n|\n|upkeep\n|turn|8\n|\n|t:|1711940515\n|move|p1a: Ditto|Blizzard|p2a: Sourdough\n|-damage|p2a: Sourdough|54\/100\n|move|p2a: Sourdough|Thunderbolt|p1a: Ditto\n|-damage|p1a: Ditto|14\/100\n|\n|upkeep\n|turn|9\n|\n|t:|1711940521\n|move|p1a: Ditto|Blizzard|p2a: Sourdough|[miss]\n|-miss|p1a: Ditto\n|move|p2a: Sourdough|Soft-Boiled|p2a: Sourdough\n|-heal|p2a: Sourdough|100\/100\n|\n|upkeep\n|turn|10\n|\n|t:|1711940527\n|move|p1a: Ditto|Blizzard|p2a: Sourdough\n|-damage|p2a: Sourdough|83\/100\n|move|p2a: Sourdough|Thunderbolt|p1a: Ditto\n|-crit|p1a: Ditto\n|-damage|p1a: Ditto|0 fnt\n|faint|p1a: Ditto\n|\n|t:|1711940536\n|switch|p1a: Snorlax|Snorlax|100\/100\n|turn|11\n|\n|t:|1711940541\n|move|p2a: Sourdough|Sing|p1a: Snorlax|[miss]\n|-miss|p2a: Sourdough\n|move|p1a: Snorlax|Body Slam|p2a: Sourdough\n|-damage|p2a: Sourdough|42\/100\n|\n|upkeep\n|turn|12\n|\n|t:|1711940548\n|move|p2a: Sourdough|Soft-Boiled|p2a: Sourdough\n|-heal|p2a: Sourdough|92\/100\n|move|p1a: Snorlax|Body Slam|p2a: Sourdough\n|-damage|p2a: Sourdough|49\/100\n|\n|upkeep\n|turn|13\n|\n|t:|1711940554\n|move|p2a: Sourdough|Soft-Boiled|p2a: Sourdough\n|-heal|p2a: Sourdough|99\/100\n|move|p1a: Snorlax|Body Slam|p2a: Sourdough\n|-damage|p2a: Sourdough|58\/100\n|\n|upkeep\n|turn|14\n|\n|t:|1711940561\n|move|p2a: Sourdough|Sing|p1a: Snorlax\n|-status|p1a: Snorlax|slp|[from] move: Sing\n|-curestatus|p1a: Snorlax|slp|[msg]\n|\n|upkeep\n|turn|15\n|\n|t:|1711940565\n|move|p2a: Sourdough|Soft-Boiled|p2a: Sourdough\n|-heal|p2a: Sourdough|100\/100\n|move|p1a: Snorlax|Body Slam|p2a: Sourdough\n|-damage|p2a: Sourdough|61\/100\n|\n|upkeep\n|turn|16\n|\n|t:|1711940574\n|move|p2a: Sourdough|Sing|p1a: Snorlax|[miss]\n|-miss|p2a: Sourdough\n|move|p1a: Snorlax|Body Slam|p2a: Sourdough\n|-damage|p2a: Sourdough|21\/100\n|\n|upkeep\n|turn|17\n|\n|t:|1711940580\n|move|p2a: Sourdough|Soft-Boiled|p2a: Sourdough\n|-heal|p2a: Sourdough|71\/100\n|move|p1a: Snorlax|Body Slam|p2a: Sourdough\n|-damage|p2a: Sourdough|31\/100\n|\n|upkeep\n|turn|18\n|\n|t:|1711940587\n|move|p2a: Sourdough|Soft-Boiled|p2a: Sourdough\n|-heal|p2a: Sourdough|80\/100\n|move|p1a: Snorlax|Body Slam|p2a: Sourdough\n|-damage|p2a: Sourdough|40\/100\n|\n|upkeep\n|turn|19\n|\n|t:|1711940593\n|move|p2a: Sourdough|Soft-Boiled|p2a: Sourdough\n|-heal|p2a: Sourdough|90\/100\n|move|p1a: Snorlax|Body Slam|p2a: Sourdough\n|-damage|p2a: Sourdough|50\/100\n|\n|upkeep\n|turn|20\n|\n|t:|1711940600\n|move|p2a: Sourdough|Soft-Boiled|p2a: Sourdough\n|-heal|p2a: Sourdough|99\/100\n|move|p1a: Snorlax|Body Slam|p2a: Sourdough\n|-damage|p2a: Sourdough|59\/100\n|\n|upkeep\n|turn|21\n|\n|t:|1711940607\n|move|p2a: Sourdough|Sing|p1a: Snorlax\n|-status|p1a: Snorlax|slp|[from] move: Sing\n|cant|p1a: Snorlax|slp\n|\n|upkeep\n|turn|22\n|\n|t:|1711940617\n|switch|p2a: \u00c9clair|Starmie|100\/100\n|cant|p1a: Snorlax|slp\n|\n|upkeep\n|turn|23\n|\n|t:|1711940625\n|move|p2a: \u00c9clair|Psychic|p1a: Snorlax\n|-damage|p1a: Snorlax|73\/100 slp\n|cant|p1a: Snorlax|slp\n|\n|upkeep\n|turn|24\n|\n|t:|1711940638\n|move|p2a: \u00c9clair|Psychic|p1a: Snorlax\n|-damage|p1a: Snorlax|46\/100 slp\n|cant|p1a: Snorlax|slp\n|\n|upkeep\n|turn|25\n|\n|t:|1711940661\n|move|p2a: \u00c9clair|Psychic|p1a: Snorlax\n|-damage|p1a: Snorlax|22\/100 slp\n|cant|p1a: Snorlax|slp\n|\n|upkeep\n|turn|26\n|\n|t:|1711940667\n|switch|p1a: Chansey|Chansey|100\/100\n|move|p2a: \u00c9clair|Psychic|p1a: Chansey\n|-damage|p1a: Chansey|87\/100\n|\n|upkeep\n|turn|27\n|\n|t:|1711940675\n|switch|p2a: Sourdough|Chansey|59\/100\n|move|p1a: Chansey|Blizzard|p2a: Sourdough\n|-damage|p2a: Sourdough|44\/100\n|\n|upkeep\n|turn|28\n|\n|t:|1711940682\n|move|p2a: Sourdough|Soft-Boiled|p2a: Sourdough\n|-heal|p2a: Sourdough|94\/100\n|move|p1a: Chansey|Blizzard|p2a: Sourdough\n|-crit|p2a: Sourdough\n|-damage|p2a: Sourdough|69\/100\n|\n|upkeep\n|turn|29\n|\n|t:|1711940689\n|move|p1a: Chansey|Blizzard|p2a: Sourdough|[miss]\n|-miss|p1a: Chansey\n|move|p2a: Sourdough|Ice Beam|p1a: Chansey\n|-damage|p1a: Chansey|77\/100\n|\n|upkeep\n|turn|30\n|\n|t:|1711940695\n|move|p2a: Sourdough|Ice Beam|p1a: Chansey\n|-damage|p1a: Chansey|67\/100\n|move|p1a: Chansey|Blizzard|p2a: Sourdough|[miss]\n|-miss|p1a: Chansey\n|\n|upkeep\n|turn|31\n|\n|t:|1711940701\n|move|p1a: Chansey|Blizzard|p2a: Sourdough|[miss]\n|-miss|p1a: Chansey\n|move|p2a: Sourdough|Ice Beam|p1a: Chansey\n|-damage|p1a: Chansey|57\/100\n|\n|upkeep\n|turn|32\n|\n|t:|1711940707\n|move|p1a: Chansey|Blizzard|p2a: Sourdough|[miss]\n|-miss|p1a: Chansey\n|move|p2a: Sourdough|Ice Beam|p1a: Chansey\n|-damage|p1a: Chansey|46\/100\n|\n|upkeep\n|turn|33\n|c|\u2606The Bakerman|This just aint your game mate\n|inactive|The Bakerman has 120 seconds left.\n|\n|t:|1711940739\n|move|p1a: Chansey|Blizzard|p2a: Sourdough\n|-damage|p2a: Sourdough|55\/100\n|move|p2a: Sourdough|Soft-Boiled|p2a: Sourdough\n|-heal|p2a: Sourdough|100\/100\n|\n|upkeep\n|turn|34\n|\n|t:|1711940746\n|move|p1a: Chansey|Blizzard|p2a: Sourdough\n|-damage|p2a: Sourdough|86\/100\n|move|p2a: Sourdough|Ice Beam|p1a: Chansey\n|-damage|p1a: Chansey|35\/100\n|\n|upkeep\n|turn|35\n|\n|t:|1711940756\n|move|p2a: Sourdough|Ice Beam|p1a: Chansey\n|-damage|p1a: Chansey|24\/100\n|move|p1a: Chansey|Soft-Boiled|p1a: Chansey\n|-heal|p1a: Chansey|74\/100\n|\n|upkeep\n|turn|36\n|\n|t:|1711940763\n|switch|p1a: Jynx|Jynx|100\/100\n|move|p2a: Sourdough|Ice Beam|p1a: Jynx\n|-crit|p1a: Jynx\n|-resisted|p1a: Jynx\n|-damage|p1a: Jynx|78\/100\n|\n|upkeep\n|turn|37\n|\n|t:|1711940780\n|switch|p2a: \u00c9clair|Starmie|100\/100\n|move|p1a: Jynx|Blizzard|p2a: \u00c9clair\n|-resisted|p2a: \u00c9clair\n|-damage|p2a: \u00c9clair|79\/100\n|-status|p2a: \u00c9clair|frz\n|\n|upkeep\n|turn|38\n|\n|t:|1711940790\n|switch|p2a: Sourdough|Chansey|86\/100\n|move|p1a: Jynx|Psychic|p2a: Sourdough\n|-damage|p2a: Sourdough|73\/100\n|-unboost|p2a: Sourdough|spa|1\n|-unboost|p2a: Sourdough|spd|1\n|\n|upkeep\n|turn|39\n|\n|t:|1711940797\n|move|p1a: Jynx|Psychic|p2a: Sourdough\n|-damage|p2a: Sourdough|51\/100\n|move|p2a: Sourdough|Soft-Boiled|p2a: Sourdough\n|-heal|p2a: Sourdough|100\/100\n|\n|upkeep\n|turn|40\n|\n|t:|1711940805\n|move|p1a: Jynx|Psychic|p2a: Sourdough\n|-damage|p2a: Sourdough|79\/100\n|-unboost|p2a: Sourdough|spa|1\n|-unboost|p2a: Sourdough|spd|1\n|move|p2a: Sourdough|Thunderbolt|p1a: Jynx\n|-damage|p1a: Jynx|67\/100\n|\n|upkeep\n|turn|41\n|\n|t:|1711940814\n|switch|p2a: \u00c9clair|Starmie|79\/100 frz\n|move|p1a: Jynx|Psychic|p2a: \u00c9clair\n|-resisted|p2a: \u00c9clair\n|-damage|p2a: \u00c9clair|64\/100 frz\n|-unboost|p2a: \u00c9clair|spa|1\n|-unboost|p2a: \u00c9clair|spd|1\n|\n|upkeep\n|turn|42\n|\n|t:|1711940824\n|switch|p2a: Cheesecake|Slowbro|100\/100\n|move|p1a: Jynx|Psychic|p2a: Cheesecake\n|-resisted|p2a: Cheesecake\n|-damage|p2a: Cheesecake|87\/100\n|\n|upkeep\n|turn|43\n|\n|t:|1711940832\n|switch|p1a: Jolteon|Jolteon|100\/100\n|move|p2a: Cheesecake|Amnesia|p2a: Cheesecake\n|-boost|p2a: Cheesecake|spa|2\n|-boost|p2a: Cheesecake|spd|2\n|\n|upkeep\n|turn|44\n|\n|t:|1711940839\n|move|p1a: Jolteon|Thunderbolt|p2a: Cheesecake\n|-supereffective|p2a: Cheesecake\n|-damage|p2a: Cheesecake|52\/100\n|move|p2a: Cheesecake|Thunder Wave|p1a: Jolteon\n|-status|p1a: Jolteon|par\n|\n|upkeep\n|turn|45\n|\n|t:|1711940850\n|move|p2a: Cheesecake|Psychic|p1a: Jolteon\n|-damage|p1a: Jolteon|53\/100 par\n|move|p1a: Jolteon|Agility|p1a: Jolteon\n|-boost|p1a: Jolteon|spe|2\n|\n|upkeep\n|turn|46\n|\n|t:|1711940857\n|move|p1a: Jolteon|Thunderbolt|p2a: Cheesecake\n|-supereffective|p2a: Cheesecake\n|-damage|p2a: Cheesecake|17\/100\n|move|p2a: Cheesecake|Amnesia|p2a: Cheesecake\n|-boost|p2a: Cheesecake|spa|2\n|-boost|p2a: Cheesecake|spd|2\n|\n|upkeep\n|turn|47\n|\n|t:|1711940864\n|move|p1a: Jolteon|Thunderbolt|p2a: Cheesecake\n|-supereffective|p2a: Cheesecake\n|-damage|p2a: Cheesecake|0 fnt\n|faint|p2a: Cheesecake\n|\n|t:|1711940872\n|switch|p2a: Pound Cake|Snorlax|100\/100\n|turn|48\n|\n|t:|1711940888\n|move|p1a: Jolteon|Thunder Wave|p2a: Pound Cake\n|-status|p2a: Pound Cake|par\n|move|p2a: Pound Cake|Body Slam|p1a: Jolteon\n|-damage|p1a: Jolteon|8\/100 par\n|\n|upkeep\n|turn|49\n|\n|t:|1711940895\n|move|p1a: Jolteon|Thunderbolt|p2a: Pound Cake\n|-crit|p2a: Pound Cake\n|-damage|p2a: Pound Cake|40\/100 par\n|move|p2a: Pound Cake|Body Slam|p1a: Jolteon\n|-damage|p1a: Jolteon|0 fnt\n|faint|p1a: Jolteon\n|\n|t:|1711940913\n|switch|p1a: Tauros|Tauros|100\/100\n|turn|50\n|\n|t:|1711940921\n|move|p1a: Tauros|Hyper Beam|p2a: Pound Cake\n|-damage|p2a: Pound Cake|0 fnt\n|faint|p2a: Pound Cake\n|\n|t:|1711940931\n|switch|p2a: Biscuit|Tauros|100\/100\n|turn|51\n|\n|t:|1711940936\n|switch|p1a: Jynx|Jynx|67\/100\n|move|p2a: Biscuit|Body Slam|p1a: Jynx\n|-crit|p1a: Jynx\n|-damage|p1a: Jynx|0 fnt\n|faint|p1a: Jynx\n|\n|t:|1711940946\n|switch|p1a: Chansey|Chansey|74\/100\n|turn|52\n|\n|t:|1711940954\n|switch|p2a: Sourdough|Chansey|79\/100\n|move|p1a: Chansey|Thunder Wave|p2a: Sourdough\n|-status|p2a: Sourdough|par\n|\n|upkeep\n|turn|53\n|\n|t:|1711940961\n|switch|p1a: Snorlax|Snorlax|22\/100 slp\n|cant|p2a: Sourdough|par\n|\n|upkeep\n|turn|54\n|\n|t:|1711940972\n|-curestatus|p1a: Snorlax|slp|[msg]\n|cant|p2a: Sourdough|par\n|\n|upkeep\n|turn|55\n|\n|t:|1711940979\n|switch|p2a: \u00c9clair|Starmie|64\/100 frz\n|move|p1a: Snorlax|Rest|p1a: Snorlax\n|-status|p1a: Snorlax|slp|[from] move: Rest\n|-heal|p1a: Snorlax|100\/100 slp|[silent]\n|\n|upkeep\n|turn|56\n|\n|t:|1711940987\n|switch|p2a: Biscuit|Tauros|100\/100\n|cant|p1a: Snorlax|slp\n|\n|upkeep\n|turn|57\n|\n|t:|1711941000\n|switch|p1a: Chansey|Chansey|74\/100\n|move|p2a: Biscuit|Body Slam|p1a: Chansey\n|-damage|p1a: Chansey|33\/100\n|\n|upkeep\n|turn|58\n|\n|t:|1711941007\n|move|p2a: Biscuit|Body Slam|p1a: Chansey\n|-damage|p1a: Chansey|0 fnt\n|faint|p1a: Chansey\n|\n|t:|1711941011\n|switch|p1a: Tauros|Tauros|100\/100\n|turn|59\n|\n|t:|1711941016\n|move|p1a: Tauros|Body Slam|p2a: Biscuit\n|-damage|p2a: Biscuit|70\/100\n|move|p2a: Biscuit|Body Slam|p1a: Tauros\n|-damage|p1a: Tauros|71\/100\n|\n|upkeep\n|turn|60\n|\n|t:|1711941024\n|move|p2a: Biscuit|Body Slam|p1a: Tauros\n|-damage|p1a: Tauros|40\/100\n|move|p1a: Tauros|Body Slam|p2a: Biscuit\n|-damage|p2a: Biscuit|43\/100\n|\n|upkeep\n|turn|61\n|\n|t:|1711941031\n|switch|p2a: Sourdough|Chansey|79\/100 par\n|move|p1a: Tauros|Hyper Beam|p2a: Sourdough\n|-damage|p2a: Sourdough|8\/100 par\n|-mustrecharge|p1a: Tauros\n|\n|upkeep\n|turn|62\n|\n|t:|1711941041\n|cant|p1a: Tauros|recharge\n|move|p2a: Sourdough|Sing|p1a: Tauros\n|-status|p1a: Tauros|slp|[from] move: Sing\n|\n|upkeep\n|turn|63\n|\n|t:|1711941050\n|switch|p1a: Snorlax|Snorlax|100\/100 slp\n|move|p2a: Sourdough|Ice Beam|p1a: Snorlax\n|-damage|p1a: Snorlax|82\/100 slp\n|\n|upkeep\n|turn|64\n|\n|t:|1711941063\n|-curestatus|p1a: Snorlax|slp|[msg]\n|cant|p2a: Sourdough|par\n|\n|upkeep\n|turn|65\n|\n|t:|1711941070\n|move|p1a: Snorlax|Reflect|p1a: Snorlax\n|-start|p1a: Snorlax|Reflect\n|cant|p2a: Sourdough|par\n|\n|upkeep\n|turn|66\n|\n|t:|1711941075\n|move|p1a: Snorlax|Body Slam|p2a: Sourdough\n|-damage|p2a: Sourdough|0 fnt\n|faint|p2a: Sourdough\n|\n|t:|1711941082\n|switch|p2a: Biscuit|Tauros|43\/100\n|turn|67\n|\n|t:|1711941087\n|move|p2a: Biscuit|Blizzard|p1a: Snorlax\n|-damage|p1a: Snorlax|64\/100\n|move|p1a: Snorlax|Body Slam|p2a: Biscuit\n|-damage|p2a: Biscuit|13\/100\n|\n|upkeep\n|turn|68\n|\n|t:|1711941094\n|move|p2a: Biscuit|Hyper Beam|p1a: Snorlax\n|-damage|p1a: Snorlax|43\/100\n|-mustrecharge|p2a: Biscuit\n|move|p1a: Snorlax|Body Slam|p2a: Biscuit\n|-damage|p2a: Biscuit|0 fnt\n|faint|p2a: Biscuit\n|\n|t:|1711941097\n|switch|p2a: Macaron|Jynx|100\/100 slp\n|turn|69\n|\n|t:|1711941103\n|cant|p2a: Macaron|slp\n|move|p1a: Snorlax|Body Slam|p2a: Macaron\n|-damage|p2a: Macaron|41\/100 slp\n|\n|upkeep\n|turn|70\n|\n|t:|1711941108\n|-curestatus|p2a: Macaron|slp|[msg]\n|move|p1a: Snorlax|Body Slam|p2a: Macaron\n|-damage|p2a: Macaron|0 fnt\n|faint|p2a: Macaron\n|\n|t:|1711941111\n|switch|p2a: \u00c9clair|Starmie|64\/100 frz\n|turn|71\n|\n|t:|1711941117\n|cant|p2a: \u00c9clair|frz\n|move|p1a: Snorlax|Body Slam|p2a: \u00c9clair\n|-damage|p2a: \u00c9clair|29\/100 frz\n|\n|upkeep\n|turn|72\n|c|\u2606The Bakerman|Gg\n|\n|t:|1711941123\n|cant|p2a: \u00c9clair|frz\n|move|p1a: Snorlax|Body Slam|p2a: \u00c9clair\n|-damage|p2a: \u00c9clair|0 fnt\n|faint|p2a: \u00c9clair\n|\n|win|dawngarden\n|raw|dawngarden's rating: 1141 &rarr; <strong>1181<\/strong><br \/>(+40 for winning)\n|raw|The Bakerman's rating: 1376 &rarr; <strong>1344<\/strong><br \/>(-32 for losing)\n|c|\u2606dawngarden|gg\n|l|\u2606The Bakerman\n|player|p2|\n","uploadtime":1711942198,"views":10,"formatid":"gen1ou","rating":1181,"private":0,"password":null}