{"id":"gen1ou-2093310339","format":"[Gen 1] OU","players":["Princessconsuelaxo","Strange Cr3ature"],"log":"|j|\u2606Princessconsuelaxo\n|j|\u2606Strange Cr3ature\n|t:|1711937670\n|gametype|singles\n|player|p1|Princessconsuelaxo|clerkf|1349\n|player|p2|Strange Cr3ature|swimmer-gen4dp|1235\n|teamsize|p1|6\n|teamsize|p2|6\n|gen|1\n|tier|[Gen 1] OU\n|rated|\n|rule|Desync Clause Mod: Desyncs changed to move failure.\n|rule|Sleep Clause Mod: Limit one foe put to sleep\n|rule|Freeze Clause Mod: Limit one foe frozen\n|rule|Species Clause: Limit one of each Pok\u00e9mon\n|rule|OHKO Clause: OHKO moves are banned\n|rule|Evasion Moves Clause: Evasion moves are banned\n|rule|Endless Battle Clause: Forcing endless battles is banned\n|rule|HP Percentage Mod: HP is shown in percentages\n|\n|t:|1711937670\n|start\n|switch|p1a: Gengar|Gengar|100\/100\n|switch|p2a: Me when cereal|Alakazam|100\/100\n|turn|1\n|\n|t:|1711937677\n|switch|p2a: An actual child|Chansey|100\/100\n|move|p1a: Gengar|Hypnosis|p2a: An actual child|[miss]\n|-miss|p1a: Gengar\n|\n|upkeep\n|turn|2\n|\n|t:|1711937681\n|move|p1a: Gengar|Hypnosis|p2a: An actual child|[miss]\n|-miss|p1a: Gengar\n|move|p2a: An actual child|Thunder Wave|p1a: Gengar\n|-status|p1a: Gengar|par\n|\n|upkeep\n|turn|3\n|\n|t:|1711937686\n|move|p2a: An actual child|Seismic Toss|p1a: Gengar\n|-damage|p1a: Gengar|70\/100 par\n|move|p1a: Gengar|Hypnosis|p2a: An actual child\n|-status|p2a: An actual child|slp|[from] move: Hypnosis\n|\n|upkeep\n|turn|4\n|\n|t:|1711937698\n|switch|p2a: Me when cereal|Alakazam|100\/100\n|move|p1a: Gengar|Explosion|p2a: Me when cereal\n|-damage|p2a: Me when cereal|4\/100\n|faint|p1a: Gengar\n|\n|t:|1711937709\n|switch|p1a: Alakazam|Alakazam|100\/100\n|turn|5\n|\n|t:|1711937720\n|switch|p2a: Garfield|Slowbro|100\/100\n|move|p1a: Alakazam|Psychic|p2a: Garfield\n|-resisted|p2a: Garfield\n|-damage|p2a: Garfield|82\/100\n|\n|upkeep\n|turn|6\n|\n|t:|1711937725\n|move|p1a: Alakazam|Thunder Wave|p2a: Garfield\n|-status|p2a: Garfield|par\n|cant|p2a: Garfield|par\n|\n|upkeep\n|turn|7\n|\n|t:|1711937730\n|move|p1a: Alakazam|Mimic|p2a: Garfield\n|-start|p1a: Alakazam|Mimic|Thunder Wave\n|move|p2a: Garfield|Amnesia|p2a: Garfield\n|-boost|p2a: Garfield|spa|2\n|-boost|p2a: Garfield|spd|2\n|\n|upkeep\n|turn|8\n|\n|t:|1711937737\n|move|p1a: Alakazam|Psychic|p2a: Garfield\n|-resisted|p2a: Garfield\n|-damage|p2a: Garfield|72\/100 par\n|move|p2a: Garfield|Amnesia|p2a: Garfield\n|-boost|p2a: Garfield|spa|2\n|-boost|p2a: Garfield|spd|2\n|\n|upkeep\n|turn|9\n|\n|t:|1711937745\n|switch|p1a: Victreebel|Victreebel|100\/100\n|cant|p2a: Garfield|par\n|\n|upkeep\n|turn|10\n|\n|t:|1711937751\n|move|p1a: Victreebel|Razor Leaf|p2a: Garfield\n|-crit|p2a: Garfield\n|-supereffective|p2a: Garfield\n|-damage|p2a: Garfield|0 fnt\n|faint|p2a: Garfield\n|\n|t:|1711937760\n|switch|p2a: Me when cereal|Alakazam|4\/100\n|turn|11\n|\n|t:|1711937786\n|move|p2a: Me when cereal|Recover|p2a: Me when cereal\n|-heal|p2a: Me when cereal|54\/100\n|move|p1a: Victreebel|Stun Spore|p2a: Me when cereal|[miss]\n|-miss|p1a: Victreebel\n|\n|upkeep\n|turn|12\n|\n|t:|1711937793\n|switch|p1a: Slowbro|Slowbro|100\/100\n|move|p2a: Me when cereal|Psychic|p1a: Slowbro\n|-resisted|p1a: Slowbro\n|-damage|p1a: Slowbro|80\/100\n|\n|upkeep\n|turn|13\n|\n|t:|1711937810\n|move|p2a: Me when cereal|Seismic Toss|p1a: Slowbro\n|-damage|p1a: Slowbro|54\/100\n|move|p1a: Slowbro|Thunder Wave|p2a: Me when cereal\n|-status|p2a: Me when cereal|par\n|\n|upkeep\n|turn|14\n|\n|t:|1711937826\n|move|p1a: Slowbro|Amnesia|p1a: Slowbro\n|-boost|p1a: Slowbro|spa|2\n|-boost|p1a: Slowbro|spd|2\n|move|p2a: Me when cereal|Thunder Wave|p1a: Slowbro\n|-status|p1a: Slowbro|par\n|\n|upkeep\n|turn|15\n|\n|t:|1711937834\n|switch|p2a: The fellas|Exeggutor|100\/100\n|move|p1a: Slowbro|Amnesia|p1a: Slowbro\n|-boost|p1a: Slowbro|spa|2\n|-boost|p1a: Slowbro|spd|2\n|\n|upkeep\n|turn|16\n|\n|t:|1711937842\n|move|p2a: The fellas|Sleep Powder|p1a: Slowbro\n|-fail|p1a: Slowbro\n|move|p1a: Slowbro|Thunder Wave|p2a: The fellas\n|-status|p2a: The fellas|par\n|\n|upkeep\n|turn|17\n|c|\u2606Strange Cr3ature|wow im dumb\n|\n|t:|1711937855\n|cant|p2a: The fellas|par\n|cant|p1a: Slowbro|par\n|\n|upkeep\n|turn|18\n|\n|t:|1711937859\n|move|p2a: The fellas|Explosion|p1a: Slowbro\n|-damage|p1a: Slowbro|0 fnt\n|faint|p1a: Slowbro\n|faint|p2a: The fellas\n|\n|t:|1711937865\n|switch|p2a: Eepy|Snorlax|100\/100\n|switch|p1a: Cloyster|Cloyster|100\/100\n|turn|19\n|\n|t:|1711937878\n|switch|p2a: An actual child|Chansey|100\/100 slp\n|move|p1a: Cloyster|Clamp|p2a: An actual child\n|-damage|p2a: An actual child|95\/100 slp\n|\n|upkeep\n|turn|20\n|\n|t:|1711937888\n|switch|p1a: Dragonite|Dragonite|100\/100\n|cant|p2a: An actual child|slp\n|\n|upkeep\n|turn|21\n|\n|t:|1711937896\n|move|p1a: Dragonite|Agility|p1a: Dragonite\n|-boost|p1a: Dragonite|spe|2\n|cant|p2a: An actual child|slp\n|\n|upkeep\n|turn|22\n|\n|t:|1711937903\n|move|p1a: Dragonite|Surf|p2a: An actual child\n|-damage|p2a: An actual child|84\/100 slp\n|cant|p2a: An actual child|slp\n|\n|upkeep\n|turn|23\n|\n|t:|1711937907\n|move|p1a: Dragonite|Surf|p2a: An actual child\n|-damage|p2a: An actual child|74\/100 slp\n|-curestatus|p2a: An actual child|slp|[msg]\n|\n|upkeep\n|turn|24\n|\n|t:|1711937916\n|move|p1a: Dragonite|Wrap|p2a: An actual child\n|-crit|p2a: An actual child\n|-damage|p2a: An actual child|64\/100\n|cant|p2a: An actual child|partiallytrapped\n|\n|upkeep\n|turn|25\n|\n|t:|1711937932\n|switch|p2a: Eepy|Snorlax|100\/100\n|move|p1a: Dragonite|Wrap|p2a: Eepy\n|-damage|p2a: Eepy|96\/100\n|\n|upkeep\n|turn|26\n|\n|t:|1711937940\n|move|p1a: Dragonite|Wrap|p2a: Eepy|[from]Wrap\n|-damage|p2a: Eepy|92\/100\n|cant|p2a: Eepy|partiallytrapped\n|\n|upkeep\n|turn|27\n|\n|t:|1711937944\n|move|p1a: Dragonite|Wrap|p2a: Eepy|[from]Wrap\n|-damage|p2a: Eepy|88\/100\n|cant|p2a: Eepy|partiallytrapped\n|\n|upkeep\n|turn|28\n|\n|t:|1711937949\n|move|p1a: Dragonite|Wrap|p2a: Eepy|[miss]\n|-miss|p1a: Dragonite\n|move|p2a: Eepy|Reflect|p2a: Eepy\n|-start|p2a: Eepy|Reflect\n|\n|upkeep\n|turn|29\n|\n|t:|1711937954\n|move|p1a: Dragonite|Wrap|p2a: Eepy\n|-damage|p2a: Eepy|87\/100\n|cant|p2a: Eepy|partiallytrapped\n|\n|upkeep\n|turn|30\n|\n|t:|1711937958\n|move|p1a: Dragonite|Wrap|p2a: Eepy|[from]Wrap\n|-damage|p2a: Eepy|85\/100\n|cant|p2a: Eepy|partiallytrapped\n|\n|upkeep\n|turn|31\n|\n|t:|1711937962\n|move|p1a: Dragonite|Wrap|p2a: Eepy|[from]Wrap\n|-damage|p2a: Eepy|83\/100\n|cant|p2a: Eepy|partiallytrapped\n|\n|upkeep\n|turn|32\n|\n|t:|1711937967\n|move|p1a: Dragonite|Wrap|p2a: Eepy\n|-crit|p2a: Eepy\n|-damage|p2a: Eepy|76\/100\n|cant|p2a: Eepy|partiallytrapped\n|\n|upkeep\n|turn|33\n|\n|t:|1711937971\n|move|p1a: Dragonite|Wrap|p2a: Eepy|[from]Wrap\n|-damage|p2a: Eepy|69\/100\n|cant|p2a: Eepy|partiallytrapped\n|\n|upkeep\n|turn|34\n|\n|t:|1711937976\n|move|p1a: Dragonite|Wrap|p2a: Eepy\n|-crit|p2a: Eepy\n|-damage|p2a: Eepy|62\/100\n|cant|p2a: Eepy|partiallytrapped\n|\n|upkeep\n|turn|35\n|\n|t:|1711937981\n|move|p1a: Dragonite|Wrap|p2a: Eepy|[from]Wrap\n|-damage|p2a: Eepy|54\/100\n|cant|p2a: Eepy|partiallytrapped\n|\n|upkeep\n|turn|36\n|\n|t:|1711937987\n|move|p1a: Dragonite|Wrap|p2a: Eepy|[from]Wrap\n|-damage|p2a: Eepy|47\/100\n|cant|p2a: Eepy|partiallytrapped\n|\n|upkeep\n|turn|37\n|\n|t:|1711937991\n|move|p1a: Dragonite|Wrap|p2a: Eepy\n|-damage|p2a: Eepy|45\/100\n|cant|p2a: Eepy|partiallytrapped\n|\n|upkeep\n|turn|38\n|\n|t:|1711937995\n|move|p1a: Dragonite|Wrap|p2a: Eepy|[from]Wrap\n|-damage|p2a: Eepy|43\/100\n|cant|p2a: Eepy|partiallytrapped\n|\n|upkeep\n|turn|39\n|\n|t:|1711938000\n|move|p1a: Dragonite|Wrap|p2a: Eepy|[from]Wrap\n|-damage|p2a: Eepy|41\/100\n|cant|p2a: Eepy|partiallytrapped\n|\n|upkeep\n|turn|40\n|\n|t:|1711938004\n|move|p1a: Dragonite|Wrap|p2a: Eepy\n|-damage|p2a: Eepy|39\/100\n|cant|p2a: Eepy|partiallytrapped\n|\n|upkeep\n|turn|41\n|\n|t:|1711938008\n|move|p1a: Dragonite|Wrap|p2a: Eepy|[from]Wrap\n|-damage|p2a: Eepy|37\/100\n|cant|p2a: Eepy|partiallytrapped\n|\n|upkeep\n|turn|42\n|\n|t:|1711938013\n|move|p1a: Dragonite|Wrap|p2a: Eepy|[from]Wrap\n|-damage|p2a: Eepy|35\/100\n|cant|p2a: Eepy|partiallytrapped\n|\n|upkeep\n|turn|43\n|\n|t:|1711938017\n|move|p1a: Dragonite|Wrap|p2a: Eepy\n|-damage|p2a: Eepy|33\/100\n|cant|p2a: Eepy|partiallytrapped\n|\n|upkeep\n|turn|44\n|\n|t:|1711938022\n|move|p1a: Dragonite|Wrap|p2a: Eepy|[from]Wrap\n|-damage|p2a: Eepy|31\/100\n|cant|p2a: Eepy|partiallytrapped\n|\n|upkeep\n|turn|45\n|\n|t:|1711938027\n|move|p1a: Dragonite|Wrap|p2a: Eepy|[from]Wrap\n|-damage|p2a: Eepy|29\/100\n|cant|p2a: Eepy|partiallytrapped\n|\n|upkeep\n|turn|46\n|\n|t:|1711938031\n|move|p1a: Dragonite|Wrap|p2a: Eepy|[from]Wrap\n|-damage|p2a: Eepy|27\/100\n|cant|p2a: Eepy|partiallytrapped\n|\n|upkeep\n|turn|47\n|\n|t:|1711938035\n|move|p1a: Dragonite|Wrap|p2a: Eepy\n|-damage|p2a: Eepy|24\/100\n|cant|p2a: Eepy|partiallytrapped\n|\n|upkeep\n|turn|48\n|\n|t:|1711938040\n|move|p1a: Dragonite|Wrap|p2a: Eepy|[from]Wrap\n|-damage|p2a: Eepy|22\/100\n|cant|p2a: Eepy|partiallytrapped\n|\n|upkeep\n|turn|49\n|\n|t:|1711938044\n|move|p1a: Dragonite|Wrap|p2a: Eepy|[from]Wrap\n|-damage|p2a: Eepy|20\/100\n|cant|p2a: Eepy|partiallytrapped\n|\n|upkeep\n|turn|50\n|\n|t:|1711938049\n|switch|p2a: Luigi's mansion|Tauros|100\/100\n|move|p1a: Dragonite|Wrap|p2a: Luigi's mansion|[miss]\n|-miss|p1a: Dragonite\n|\n|upkeep\n|turn|51\n|\n|t:|1711938055\n|move|p1a: Dragonite|Thunder Wave|p2a: Luigi's mansion\n|-status|p2a: Luigi's mansion|par\n|cant|p2a: Luigi's mansion|par\n|\n|upkeep\n|turn|52\n|\n|t:|1711938068\n|switch|p2a: An actual child|Chansey|64\/100\n|move|p1a: Dragonite|Wrap|p2a: An actual child\n|-damage|p2a: An actual child|58\/100\n|\n|upkeep\n|turn|53\n|\n|t:|1711938074\n|move|p1a: Dragonite|Wrap|p2a: An actual child|[from]Wrap\n|-damage|p2a: An actual child|52\/100\n|cant|p2a: An actual child|partiallytrapped\n|\n|upkeep\n|turn|54\n|\n|t:|1711938078\n|move|p1a: Dragonite|Wrap|p2a: An actual child\n|-damage|p2a: An actual child|46\/100\n|cant|p2a: An actual child|partiallytrapped\n|\n|upkeep\n|turn|55\n|\n|t:|1711938082\n|move|p1a: Dragonite|Wrap|p2a: An actual child|[from]Wrap\n|-damage|p2a: An actual child|41\/100\n|cant|p2a: An actual child|partiallytrapped\n|\n|upkeep\n|turn|56\n|\n|t:|1711938087\n|move|p1a: Dragonite|Wrap|p2a: An actual child|[from]Wrap\n|-damage|p2a: An actual child|35\/100\n|cant|p2a: An actual child|partiallytrapped\n|\n|upkeep\n|turn|57\n|\n|t:|1711938091\n|move|p1a: Dragonite|Wrap|p2a: An actual child|[miss]\n|-miss|p1a: Dragonite\n|move|p2a: An actual child|Thunder Wave|p1a: Dragonite\n|-status|p1a: Dragonite|par\n|\n|upkeep\n|turn|58\n|\n|t:|1711938105\n|move|p2a: An actual child|Soft-Boiled|p2a: An actual child\n|-heal|p2a: An actual child|85\/100\n|move|p1a: Dragonite|Thunder Wave|p2a: An actual child\n|-status|p2a: An actual child|par\n|\n|upkeep\n|turn|59\n|\n|t:|1711938112\n|move|p1a: Dragonite|Agility|p1a: Dragonite\n|-boost|p1a: Dragonite|spe|2\n|move|p2a: An actual child|Reflect|p2a: An actual child\n|-start|p2a: An actual child|Reflect\n|\n|upkeep\n|turn|60\n|\n|t:|1711938118\n|move|p1a: Dragonite|Wrap|p2a: An actual child\n|-crit|p2a: An actual child\n|-damage|p2a: An actual child|74\/100 par\n|cant|p2a: An actual child|partiallytrapped\n|\n|upkeep\n|turn|61\n|\n|t:|1711938125\n|switch|p2a: Eepy|Snorlax|20\/100\n|cant|p1a: Dragonite|par\n|\n|upkeep\n|turn|62\n|\n|t:|1711938131\n|cant|p1a: Dragonite|par\n|move|p2a: Eepy|Rest|p2a: Eepy\n|-status|p2a: Eepy|slp|[from] move: Rest\n|-heal|p2a: Eepy|100\/100 slp|[silent]\n|\n|upkeep\n|turn|63\n|\n|t:|1711938139\n|switch|p1a: Victreebel|Victreebel|100\/100\n|switch|p2a: Luigi's mansion|Tauros|100\/100 par\n|\n|upkeep\n|turn|64\n|\n|t:|1711938150\n|move|p1a: Victreebel|Wrap|p2a: Luigi's mansion\n|-damage|p2a: Luigi's mansion|97\/100 par\n|cant|p2a: Luigi's mansion|partiallytrapped\n|\n|upkeep\n|turn|65\n|\n|t:|1711938155\n|move|p1a: Victreebel|Wrap|p2a: Luigi's mansion|[from]Wrap\n|-damage|p2a: Luigi's mansion|94\/100 par\n|cant|p2a: Luigi's mansion|partiallytrapped\n|\n|upkeep\n|turn|66\n|\n|t:|1711938159\n|move|p1a: Victreebel|Wrap|p2a: Luigi's mansion|[from]Wrap\n|-damage|p2a: Luigi's mansion|90\/100 par\n|cant|p2a: Luigi's mansion|partiallytrapped\n|\n|upkeep\n|turn|67\n|\n|t:|1711938163\n|move|p1a: Victreebel|Wrap|p2a: Luigi's mansion\n|-damage|p2a: Luigi's mansion|87\/100 par\n|cant|p2a: Luigi's mansion|partiallytrapped\n|\n|upkeep\n|turn|68\n|\n|t:|1711938167\n|move|p1a: Victreebel|Wrap|p2a: Luigi's mansion|[from]Wrap\n|-damage|p2a: Luigi's mansion|83\/100 par\n|cant|p2a: Luigi's mansion|partiallytrapped\n|\n|upkeep\n|turn|69\n|\n|t:|1711938172\n|move|p1a: Victreebel|Wrap|p2a: Luigi's mansion\n|-damage|p2a: Luigi's mansion|79\/100 par\n|cant|p2a: Luigi's mansion|partiallytrapped\n|\n|upkeep\n|turn|70\n|\n|t:|1711938176\n|move|p1a: Victreebel|Wrap|p2a: Luigi's mansion|[from]Wrap\n|-damage|p2a: Luigi's mansion|75\/100 par\n|cant|p2a: Luigi's mansion|partiallytrapped\n|\n|upkeep\n|turn|71\n|\n|t:|1711938180\n|move|p1a: Victreebel|Wrap|p2a: Luigi's mansion\n|-damage|p2a: Luigi's mansion|71\/100 par\n|cant|p2a: Luigi's mansion|partiallytrapped\n|\n|upkeep\n|turn|72\n|\n|t:|1711938185\n|move|p1a: Victreebel|Wrap|p2a: Luigi's mansion|[from]Wrap\n|-damage|p2a: Luigi's mansion|67\/100 par\n|cant|p2a: Luigi's mansion|partiallytrapped\n|\n|upkeep\n|turn|73\n|\n|t:|1711938189\n|move|p1a: Victreebel|Wrap|p2a: Luigi's mansion|[from]Wrap\n|-damage|p2a: Luigi's mansion|63\/100 par\n|cant|p2a: Luigi's mansion|partiallytrapped\n|\n|upkeep\n|turn|74\n|\n|t:|1711938193\n|move|p1a: Victreebel|Wrap|p2a: Luigi's mansion\n|-damage|p2a: Luigi's mansion|59\/100 par\n|cant|p2a: Luigi's mansion|partiallytrapped\n|\n|upkeep\n|turn|75\n|\n|t:|1711938197\n|move|p1a: Victreebel|Wrap|p2a: Luigi's mansion|[from]Wrap\n|-damage|p2a: Luigi's mansion|56\/100 par\n|cant|p2a: Luigi's mansion|partiallytrapped\n|\n|upkeep\n|turn|76\n|\n|t:|1711938204\n|switch|p2a: Me when cereal|Alakazam|54\/100 par\n|move|p1a: Victreebel|Wrap|p2a: Me when cereal|[miss]\n|-miss|p1a: Victreebel\n|\n|upkeep\n|turn|77\n|\n|t:|1711938211\n|move|p1a: Victreebel|Wrap|p2a: Me when cereal\n|-damage|p2a: Me when cereal|47\/100 par\n|cant|p2a: Me when cereal|partiallytrapped\n|\n|upkeep\n|turn|78\n|\n|t:|1711938217\n|move|p1a: Victreebel|Wrap|p2a: Me when cereal|[from]Wrap\n|-damage|p2a: Me when cereal|41\/100 par\n|cant|p2a: Me when cereal|partiallytrapped\n|\n|upkeep\n|turn|79\n|\n|t:|1711938221\n|move|p1a: Victreebel|Wrap|p2a: Me when cereal|[from]Wrap\n|-damage|p2a: Me when cereal|35\/100 par\n|cant|p2a: Me when cereal|partiallytrapped\n|\n|upkeep\n|turn|80\n|\n|t:|1711938225\n|move|p1a: Victreebel|Wrap|p2a: Me when cereal\n|-damage|p2a: Me when cereal|28\/100 par\n|cant|p2a: Me when cereal|partiallytrapped\n|\n|upkeep\n|turn|81\n|\n|t:|1711938229\n|move|p1a: Victreebel|Wrap|p2a: Me when cereal|[from]Wrap\n|-damage|p2a: Me when cereal|21\/100 par\n|cant|p2a: Me when cereal|partiallytrapped\n|\n|upkeep\n|turn|82\n|\n|t:|1711938234\n|move|p1a: Victreebel|Razor Leaf|p2a: Me when cereal\n|-crit|p2a: Me when cereal\n|-damage|p2a: Me when cereal|0 fnt\n|faint|p2a: Me when cereal\n|j| N00bsTeam\n|\n|t:|1711938249\n|switch|p2a: Luigi's mansion|Tauros|56\/100 par\n|turn|83\n|\n|t:|1711938252\n|move|p1a: Victreebel|Wrap|p2a: Luigi's mansion\n|-crit|p2a: Luigi's mansion\n|-damage|p2a: Luigi's mansion|48\/100 par\n|cant|p2a: Luigi's mansion|partiallytrapped\n|\n|upkeep\n|turn|84\n|\n|t:|1711938258\n|switch|p2a: An actual child|Chansey|74\/100 par\n|move|p1a: Victreebel|Wrap|p2a: An actual child\n|-crit|p2a: An actual child\n|-damage|p2a: An actual child|64\/100 par\n|\n|upkeep\n|turn|85\n|\n|t:|1711938268\n|switch|p2a: Eepy|Snorlax|100\/100 slp\n|move|p1a: Victreebel|Wrap|p2a: Eepy\n|-damage|p2a: Eepy|97\/100 slp\n|\n|upkeep\n|turn|86\n|\n|t:|1711938274\n|move|p1a: Victreebel|Wrap|p2a: Eepy|[from]Wrap\n|-damage|p2a: Eepy|94\/100 slp\n|cant|p2a: Eepy|slp\n|\n|upkeep\n|turn|87\n|\n|t:|1711938280\n|move|p1a: Victreebel|Razor Leaf|p2a: Eepy\n|-crit|p2a: Eepy\n|-damage|p2a: Eepy|63\/100 slp\n|-curestatus|p2a: Eepy|slp|[msg]\n|\n|upkeep\n|turn|88\n|\n|t:|1711938285\n|move|p1a: Victreebel|Sleep Powder|p2a: Eepy|[miss]\n|-miss|p1a: Victreebel\n|move|p2a: Eepy|Body Slam|p1a: Victreebel\n|-damage|p1a: Victreebel|60\/100\n|-status|p1a: Victreebel|par\n|\n|upkeep\n|turn|89\n|\n|t:|1711938292\n|move|p2a: Eepy|Body Slam|p1a: Victreebel\n|-damage|p1a: Victreebel|21\/100 par\n|move|p1a: Victreebel|Sleep Powder|p2a: Eepy\n|-status|p2a: Eepy|slp|[from] move: Sleep Powder\n|\n|upkeep\n|turn|90\n|\n|t:|1711938299\n|cant|p2a: Eepy|slp\n|move|p1a: Victreebel|Razor Leaf|p2a: Eepy\n|-crit|p2a: Eepy\n|-damage|p2a: Eepy|34\/100 slp\n|\n|upkeep\n|turn|91\n|c|\u2606Princessconsuelaxo|Choketreebell\n|\n|t:|1711938308\n|switch|p2a: An actual child|Chansey|64\/100 par\n|move|p1a: Victreebel|Razor Leaf|p2a: An actual child\n|-crit|p2a: An actual child\n|-damage|p2a: An actual child|47\/100 par\n|\n|upkeep\n|turn|92\n|\n|t:|1711938314\n|move|p1a: Victreebel|Wrap|p2a: An actual child\n|-damage|p2a: An actual child|42\/100 par\n|cant|p2a: An actual child|partiallytrapped\n|\n|upkeep\n|turn|93\n|\n|t:|1711938318\n|move|p1a: Victreebel|Wrap|p2a: An actual child|[from]Wrap\n|-damage|p2a: An actual child|38\/100 par\n|cant|p2a: An actual child|partiallytrapped\n|\n|upkeep\n|turn|94\n|\n|t:|1711938323\n|move|p1a: Victreebel|Wrap|p2a: An actual child|[from]Wrap\n|-damage|p2a: An actual child|34\/100 par\n|cant|p2a: An actual child|partiallytrapped\n|\n|upkeep\n|turn|95\n|\n|t:|1711938334\n|switch|p1a: Cloyster|Cloyster|100\/100\n|cant|p2a: An actual child|partiallytrapped\n|\n|upkeep\n|turn|96\n|\n|t:|1711938342\n|move|p1a: Cloyster|Clamp|p2a: An actual child\n|-damage|p2a: An actual child|28\/100 par\n|cant|p2a: An actual child|partiallytrapped\n|\n|upkeep\n|turn|97\n|\n|t:|1711938347\n|move|p1a: Cloyster|Clamp|p2a: An actual child|[from]Clamp\n|-damage|p2a: An actual child|23\/100 par\n|cant|p2a: An actual child|partiallytrapped\n|\n|upkeep\n|turn|98\n|\n|t:|1711938369\n|switch|p2a: Luigi's mansion|Tauros|48\/100 par\n|move|p1a: Cloyster|Clamp|p2a: Luigi's mansion\n|-damage|p2a: Luigi's mansion|36\/100 par\n|\n|upkeep\n|turn|99\n|\n|t:|1711938378\n|switch|p2a: Eepy|Snorlax|34\/100 slp\n|move|p1a: Cloyster|Clamp|p2a: Eepy|[miss]\n|-miss|p1a: Cloyster\n|\n|upkeep\n|turn|100\n|\n|t:|1711938382\n|move|p1a: Cloyster|Blizzard|p2a: Eepy\n|-damage|p2a: Eepy|2\/100 slp\n|cant|p2a: Eepy|slp\n|\n|upkeep\n|turn|101\n|\n|t:|1711938388\n|move|p1a: Cloyster|Blizzard|p2a: Eepy\n|-damage|p2a: Eepy|0 fnt\n|faint|p2a: Eepy\n|\n|t:|1711938394\n|switch|p2a: Luigi's mansion|Tauros|36\/100 par\n|turn|102\n|\n|t:|1711938398\n|move|p1a: Cloyster|Blizzard|p2a: Luigi's mansion\n|-crit|p2a: Luigi's mansion\n|-damage|p2a: Luigi's mansion|0 fnt\n|faint|p2a: Luigi's mansion\n|\n|t:|1711938402\n|switch|p2a: An actual child|Chansey|23\/100 par\n|turn|103\n|c|\u2606Princessconsuelaxo|Gg\n|\n|t:|1711938408\n|move|p1a: Cloyster|Clamp|p2a: An actual child|[miss]\n|-miss|p1a: Cloyster\n|move|p2a: An actual child|Soft-Boiled|p2a: An actual child\n|-heal|p2a: An actual child|73\/100 par\n|\n|upkeep\n|turn|104\n|\n|t:|1711938414\n|move|p1a: Cloyster|Explosion|p2a: An actual child\n|-damage|p2a: An actual child|0 fnt\n|faint|p2a: An actual child\n|faint|p1a: Cloyster\n|\n|win|Princessconsuelaxo\n|raw|Princessconsuelaxo's rating: 1349 &rarr; <strong>1363<\/strong><br \/>(+14 for winning)\n|raw|Strange Cr3ature's rating: 1235 &rarr; <strong>1218<\/strong><br \/>(-17 for losing)\n|c|\u2606Strange Cr3ature|gg\n|l|\u2606Strange Cr3ature\n|player|p2|\n|c|\u2606Princessconsuelaxo|Wp\n","uploadtime":1711938425,"views":2,"formatid":"gen1ou","rating":1218,"private":0,"password":null}