{"id":"gen1ou-2093306971","format":"[Gen 1] OU","players":["RBYZA PersNegRNG","fsgsfksflksf"],"log":"|raw|<div class=\"broadcast-blue\"><strong>This battle is required to be public due to a player having a name starting with 'rbyza'.<\/div>\n|j|\u2606RBYZA PersNegRNG\n|j|\u203dfsgsfksflksf\n|t:|1711937251\n|gametype|singles\n|player|p1|RBYZA PersNegRNG|swimmerf-gen4dp|1568\n|player|p2|fsgsfksflksf|dawn-masters3|1524\n|teamsize|p1|6\n|teamsize|p2|6\n|gen|1\n|tier|[Gen 1] OU\n|rated|\n|rule|Desync Clause Mod: Desyncs changed to move failure.\n|rule|Sleep Clause Mod: Limit one foe put to sleep\n|rule|Freeze Clause Mod: Limit one foe frozen\n|rule|Species Clause: Limit one of each Pok\u00e9mon\n|rule|OHKO Clause: OHKO moves are banned\n|rule|Evasion Moves Clause: Evasion moves are banned\n|rule|Endless Battle Clause: Forcing endless battles is banned\n|rule|HP Percentage Mod: HP is shown in percentages\n|\n|t:|1711937251\n|start\n|switch|p1a: Zapdos|Zapdos|100\/100\n|switch|p2a: Starmie|Starmie|100\/100\n|turn|1\n|\n|t:|1711937279\n|switch|p2a: Jolteon|Jolteon|100\/100\n|move|p1a: Zapdos|Thunder Wave|p2a: Jolteon\n|-status|p2a: Jolteon|par\n|\n|upkeep\n|turn|2\n|\n|t:|1711937290\n|switch|p1a: Exeggutor|Exeggutor|100\/100\n|move|p2a: Jolteon|Thunderbolt|p1a: Exeggutor\n|-resisted|p1a: Exeggutor\n|-damage|p1a: Exeggutor|88\/100\n|\n|upkeep\n|turn|3\n|\n|t:|1711937296\n|switch|p2a: Starmie|Starmie|100\/100\n|move|p1a: Exeggutor|Psychic|p2a: Starmie\n|-resisted|p2a: Starmie\n|-damage|p2a: Starmie|81\/100\n|-unboost|p2a: Starmie|spa|1\n|-unboost|p2a: Starmie|spd|1\n|\n|upkeep\n|turn|4\n|j| mikonn\n|\n|t:|1711937308\n|move|p2a: Starmie|Blizzard|p1a: Exeggutor|[miss]\n|-miss|p2a: Starmie\n|move|p1a: Exeggutor|Sleep Powder|p2a: Starmie|[miss]\n|-miss|p1a: Exeggutor\n|\n|upkeep\n|turn|5\n|\n|t:|1711937312\n|move|p2a: Starmie|Blizzard|p1a: Exeggutor\n|-crit|p1a: Exeggutor\n|-supereffective|p1a: Exeggutor\n|-damage|p1a: Exeggutor|11\/100\n|move|p1a: Exeggutor|Sleep Powder|p2a: Starmie|[miss]\n|-miss|p1a: Exeggutor\n|\n|upkeep\n|turn|6\n|\n|t:|1711937327\n|switch|p1a: Chansey|Chansey|100\/100\n|move|p2a: Starmie|Blizzard|p1a: Chansey|[miss]\n|-miss|p2a: Starmie\n|\n|upkeep\n|turn|7\n|\n|t:|1711937340\n|switch|p2a: Chansey|Chansey|100\/100\n|move|p1a: Chansey|Thunder Wave|p2a: Chansey\n|-status|p2a: Chansey|par\n|\n|upkeep\n|turn|8\n|l| mikonn\n|\n|t:|1711937347\n|switch|p1a: Zapdos|Zapdos|100\/100\n|move|p2a: Chansey|Ice Beam|p1a: Zapdos\n|-supereffective|p1a: Zapdos\n|-damage|p1a: Zapdos|68\/100\n|\n|upkeep\n|turn|9\n|\n|t:|1711937355\n|switch|p2a: Jolteon|Jolteon|100\/100 par\n|move|p1a: Zapdos|Drill Peck|p2a: Jolteon\n|-resisted|p2a: Jolteon\n|-damage|p2a: Jolteon|83\/100 par\n|\n|upkeep\n|turn|10\n|\n|t:|1711937378\n|switch|p1a: Exeggutor|Exeggutor|11\/100\n|move|p2a: Jolteon|Thunderbolt|p1a: Exeggutor\n|-resisted|p1a: Exeggutor\n|-damage|p1a: Exeggutor|0 fnt\n|faint|p1a: Exeggutor\n|\n|t:|1711937389\n|switch|p1a: Tauros|Tauros|100\/100\n|turn|11\n|\n|t:|1711937399\n|switch|p2a: Snorlax|Snorlax|100\/100\n|move|p1a: Tauros|Body Slam|p2a: Snorlax\n|-damage|p2a: Snorlax|74\/100\n|\n|upkeep\n|turn|12\n|\n|t:|1711937408\n|move|p1a: Tauros|Body Slam|p2a: Snorlax\n|-damage|p2a: Snorlax|50\/100\n|move|p2a: Snorlax|Body Slam|p1a: Tauros\n|-damage|p1a: Tauros|70\/100\n|\n|upkeep\n|turn|13\n|\n|t:|1711937414\n|move|p1a: Tauros|Body Slam|p2a: Snorlax\n|-damage|p2a: Snorlax|26\/100\n|move|p2a: Snorlax|Body Slam|p1a: Tauros\n|-damage|p1a: Tauros|40\/100\n|\n|upkeep\n|turn|14\n|\n|t:|1711937421\n|switch|p2a: Starmie|Starmie|81\/100\n|move|p1a: Tauros|Body Slam|p2a: Starmie\n|-damage|p2a: Starmie|47\/100\n|\n|upkeep\n|turn|15\n|\n|t:|1711937430\n|move|p2a: Starmie|Recover|p2a: Starmie\n|-heal|p2a: Starmie|97\/100\n|move|p1a: Tauros|Body Slam|p2a: Starmie\n|-damage|p2a: Starmie|61\/100\n|\n|upkeep\n|turn|16\n|\n|t:|1711937440\n|switch|p1a: Chansey|Chansey|100\/100\n|move|p2a: Starmie|Psychic|p1a: Chansey\n|-damage|p1a: Chansey|87\/100\n|-unboost|p1a: Chansey|spa|1\n|-unboost|p1a: Chansey|spd|1\n|\n|upkeep\n|turn|17\n|\n|t:|1711937446\n|switch|p2a: Chansey|Chansey|100\/100 par\n|move|p1a: Chansey|Thunder Wave|p2a: Chansey\n|-fail|p2a: Chansey|par\n|\n|upkeep\n|turn|18\n|\n|t:|1711937453\n|switch|p1a: Tauros|Tauros|40\/100\n|move|p2a: Chansey|Ice Beam|p1a: Tauros\n|-damage|p1a: Tauros|12\/100\n|-status|p1a: Tauros|frz\n|\n|upkeep\n|turn|19\n|\n|t:|1711937463\n|switch|p1a: Chansey|Chansey|87\/100\n|move|p2a: Chansey|Sing|p1a: Chansey|[miss]\n|-miss|p2a: Chansey\n|\n|upkeep\n|turn|20\n|\n|t:|1711937476\n|switch|p1a: Zapdos|Zapdos|68\/100\n|cant|p2a: Chansey|par\n|\n|upkeep\n|turn|21\n|\n|t:|1711937492\n|move|p1a: Zapdos|Drill Peck|p2a: Chansey\n|-damage|p2a: Chansey|66\/100 par\n|cant|p2a: Chansey|par\n|\n|upkeep\n|turn|22\n|\n|t:|1711937497\n|switch|p2a: Jolteon|Jolteon|83\/100 par\n|move|p1a: Zapdos|Drill Peck|p2a: Jolteon\n|-crit|p2a: Jolteon\n|-resisted|p2a: Jolteon\n|-damage|p2a: Jolteon|51\/100 par\n|\n|upkeep\n|turn|23\n|\n|t:|1711937503\n|switch|p1a: Chansey|Chansey|87\/100\n|move|p2a: Jolteon|Thunderbolt|p1a: Chansey\n|-damage|p1a: Chansey|71\/100\n|\n|upkeep\n|turn|24\n|\n|t:|1711937509\n|switch|p2a: Chansey|Chansey|66\/100 par\n|move|p1a: Chansey|Seismic Toss|p2a: Chansey\n|-damage|p2a: Chansey|52\/100 par\n|\n|upkeep\n|turn|25\n|\n|t:|1711937516\n|switch|p1a: Zapdos|Zapdos|68\/100\n|move|p2a: Chansey|Soft-Boiled|p2a: Chansey\n|-heal|p2a: Chansey|100\/100 par\n|\n|upkeep\n|turn|26\n|\n|t:|1711937522\n|move|p1a: Zapdos|Drill Peck|p2a: Chansey\n|-damage|p2a: Chansey|68\/100 par\n|move|p2a: Chansey|Sing|p1a: Zapdos|[miss]\n|-miss|p2a: Chansey\n|\n|upkeep\n|turn|27\n|\n|t:|1711937527\n|switch|p2a: Jolteon|Jolteon|51\/100 par\n|move|p1a: Zapdos|Drill Peck|p2a: Jolteon\n|-resisted|p2a: Jolteon\n|-damage|p2a: Jolteon|33\/100 par\n|\n|upkeep\n|turn|28\n|\n|t:|1711937532\n|move|p1a: Zapdos|Drill Peck|p2a: Jolteon\n|-resisted|p2a: Jolteon\n|-damage|p2a: Jolteon|14\/100 par\n|move|p2a: Jolteon|Rest|p2a: Jolteon\n|-status|p2a: Jolteon|slp|[from] move: Rest\n|-heal|p2a: Jolteon|100\/100 slp|[silent]\n|\n|upkeep\n|turn|29\n|j| Isthisnametaked\n|\n|t:|1711937543\n|switch|p1a: Snorlax|Snorlax|100\/100\n|cant|p2a: Jolteon|slp\n|\n|upkeep\n|turn|30\n|\n|t:|1711937559\n|move|p1a: Snorlax|Amnesia|p1a: Snorlax\n|-boost|p1a: Snorlax|spa|2\n|-boost|p1a: Snorlax|spd|2\n|-curestatus|p2a: Jolteon|slp|[msg]\n|\n|upkeep\n|turn|31\n|\n|t:|1711937584\n|move|p1a: Snorlax|Amnesia|p1a: Snorlax\n|-boost|p1a: Snorlax|spa|2\n|-boost|p1a: Snorlax|spd|2\n|move|p2a: Jolteon|Thunder Wave|p1a: Snorlax\n|-status|p1a: Snorlax|par\n|\n|upkeep\n|turn|32\n|\n|t:|1711937596\n|switch|p2a: Starmie|Starmie|61\/100\n|move|p1a: Snorlax|Ice Beam|p2a: Starmie\n|-resisted|p2a: Starmie\n|-damage|p2a: Starmie|35\/100\n|\n|upkeep\n|turn|33\n|j|+Vileman\n|\n|t:|1711937602\n|move|p2a: Starmie|Recover|p2a: Starmie\n|-heal|p2a: Starmie|84\/100\n|move|p1a: Snorlax|Thunderbolt|p2a: Starmie\n|-supereffective|p2a: Starmie\n|-damage|p2a: Starmie|0 fnt\n|faint|p2a: Starmie\n|\n|t:|1711937612\n|switch|p2a: Tauros|Tauros|100\/100\n|turn|34\n|\n|t:|1711937618\n|move|p2a: Tauros|Body Slam|p1a: Snorlax\n|-damage|p1a: Snorlax|74\/100 par\n|cant|p1a: Snorlax|par\n|\n|upkeep\n|turn|35\n|\n|t:|1711937623\n|move|p2a: Tauros|Body Slam|p1a: Snorlax\n|-damage|p1a: Snorlax|50\/100 par\n|move|p1a: Snorlax|Ice Beam|p2a: Tauros\n|-damage|p2a: Tauros|40\/100\n|\n|upkeep\n|turn|36\n|\n|t:|1711937633\n|move|p2a: Tauros|Body Slam|p1a: Snorlax\n|-damage|p1a: Snorlax|26\/100 par\n|move|p1a: Snorlax|Ice Beam|p2a: Tauros\n|-damage|p2a: Tauros|0 fnt\n|faint|p2a: Tauros\n|\n|t:|1711937641\n|switch|p2a: Snorlax|Snorlax|26\/100\n|turn|37\n|\n|t:|1711937668\n|move|p2a: Snorlax|Body Slam|p1a: Snorlax\n|-damage|p1a: Snorlax|0 fnt\n|faint|p1a: Snorlax\n|\n|t:|1711937673\n|switch|p1a: Zapdos|Zapdos|68\/100\n|turn|38\n|\n|t:|1711937682\n|switch|p2a: Jolteon|Jolteon|100\/100\n|move|p1a: Zapdos|Thunderbolt|p2a: Jolteon\n|-resisted|p2a: Jolteon\n|-damage|p2a: Jolteon|81\/100\n|\n|upkeep\n|turn|39\n|\n|t:|1711937699\n|move|p2a: Jolteon|Thunderbolt|p1a: Zapdos\n|-damage|p1a: Zapdos|44\/100\n|move|p1a: Zapdos|Thunder Wave|p2a: Jolteon\n|-status|p2a: Jolteon|par\n|\n|upkeep\n|turn|40\n|j|+Sceptross\n|\n|t:|1711937712\n|switch|p1a: Chansey|Chansey|71\/100\n|cant|p2a: Jolteon|par\n|\n|upkeep\n|turn|41\n|\n|t:|1711937722\n|switch|p2a: Chansey|Chansey|68\/100 par\n|move|p1a: Chansey|Seismic Toss|p2a: Chansey\n|-damage|p2a: Chansey|54\/100 par\n|\n|upkeep\n|turn|42\n|j| N00bsTeam\n|\n|t:|1711937734\n|switch|p1a: Zapdos|Zapdos|44\/100\n|move|p2a: Chansey|Soft-Boiled|p2a: Chansey\n|-heal|p2a: Chansey|100\/100 par\n|\n|upkeep\n|turn|43\n|\n|t:|1711937744\n|switch|p2a: Jolteon|Jolteon|81\/100 par\n|move|p1a: Zapdos|Drill Peck|p2a: Jolteon\n|-resisted|p2a: Jolteon\n|-damage|p2a: Jolteon|63\/100 par\n|\n|upkeep\n|turn|44\n|\n|t:|1711937753\n|move|p1a: Zapdos|Drill Peck|p2a: Jolteon\n|-resisted|p2a: Jolteon\n|-damage|p2a: Jolteon|44\/100 par\n|move|p2a: Jolteon|Rest|p2a: Jolteon\n|-status|p2a: Jolteon|slp|[from] move: Rest\n|-heal|p2a: Jolteon|100\/100 slp|[silent]\n|\n|upkeep\n|turn|45\n|\n|t:|1711937763\n|move|p1a: Zapdos|Drill Peck|p2a: Jolteon\n|-crit|p2a: Jolteon\n|-resisted|p2a: Jolteon\n|-damage|p2a: Jolteon|68\/100 slp\n|cant|p2a: Jolteon|slp\n|\n|upkeep\n|turn|46\n|\n|t:|1711937769\n|move|p1a: Zapdos|Drill Peck|p2a: Jolteon\n|-crit|p2a: Jolteon\n|-resisted|p2a: Jolteon\n|-damage|p2a: Jolteon|33\/100 slp\n|-curestatus|p2a: Jolteon|slp|[msg]\n|\n|upkeep\n|turn|47\n|\n|t:|1711937774\n|switch|p1a: Slowbro|Slowbro|100\/100\n|move|p2a: Jolteon|Rest|p2a: Jolteon\n|-status|p2a: Jolteon|slp|[from] move: Rest\n|-heal|p2a: Jolteon|100\/100 slp|[silent]\n|\n|upkeep\n|turn|48\n|\n|t:|1711937780\n|switch|p2a: Zapdos|Zapdos|100\/100\n|move|p1a: Slowbro|Amnesia|p1a: Slowbro\n|-boost|p1a: Slowbro|spa|2\n|-boost|p1a: Slowbro|spd|2\n|\n|upkeep\n|turn|49\n|\n|t:|1711937785\n|move|p2a: Zapdos|Thunderbolt|p1a: Slowbro\n|-supereffective|p1a: Slowbro\n|-damage|p1a: Slowbro|59\/100\n|move|p1a: Slowbro|Thunder Wave|p2a: Zapdos\n|-status|p2a: Zapdos|par\n|\n|upkeep\n|turn|50\n|\n|t:|1711937798\n|move|p1a: Slowbro|Amnesia|p1a: Slowbro\n|-boost|p1a: Slowbro|spa|2\n|-boost|p1a: Slowbro|spd|2\n|move|p2a: Zapdos|Thunderbolt|p1a: Slowbro\n|-supereffective|p1a: Slowbro\n|-damage|p1a: Slowbro|32\/100\n|\n|upkeep\n|turn|51\n|\n|t:|1711937804\n|move|p1a: Slowbro|Surf|p2a: Zapdos\n|-damage|p2a: Zapdos|35\/100 par\n|move|p2a: Zapdos|Thunderbolt|p1a: Slowbro\n|-supereffective|p1a: Slowbro\n|-damage|p1a: Slowbro|7\/100\n|\n|upkeep\n|turn|52\n|\n|t:|1711937812\n|move|p1a: Slowbro|Surf|p2a: Zapdos\n|-damage|p2a: Zapdos|0 fnt\n|faint|p2a: Zapdos\n|\n|t:|1711937815\n|switch|p2a: Snorlax|Snorlax|26\/100\n|turn|53\n|\n|t:|1711937829\n|move|p1a: Slowbro|Surf|p2a: Snorlax\n|-damage|p2a: Snorlax|0 fnt\n|faint|p2a: Snorlax\n|\n|t:|1711937833\n|switch|p2a: Chansey|Chansey|100\/100 par\n|turn|54\n|\n|t:|1711937853\n|move|p1a: Slowbro|Rest|p1a: Slowbro\n|-status|p1a: Slowbro|slp|[from] move: Rest\n|-heal|p1a: Slowbro|100\/100 slp|[silent]\n|move|p2a: Chansey|Ice Beam|p1a: Slowbro\n|-resisted|p1a: Slowbro\n|-damage|p1a: Slowbro|97\/100 slp\n|\n|upkeep\n|turn|55\n|\n|t:|1711937879\n|cant|p1a: Slowbro|slp\n|move|p2a: Chansey|Sing|p1a: Slowbro\n|-fail|p1a: Slowbro|slp\n|\n|upkeep\n|turn|56\n|\n|t:|1711937886\n|switch|p1a: Zapdos|Zapdos|44\/100\n|cant|p2a: Chansey|par\n|\n|upkeep\n|turn|57\n|\n|t:|1711937902\n|switch|p2a: Jolteon|Jolteon|100\/100 slp\n|move|p1a: Zapdos|Drill Peck|p2a: Jolteon\n|-crit|p2a: Jolteon\n|-resisted|p2a: Jolteon\n|-damage|p2a: Jolteon|66\/100 slp\n|\n|upkeep\n|turn|58\n|\n|t:|1711937912\n|cant|p2a: Jolteon|slp\n|move|p1a: Zapdos|Drill Peck|p2a: Jolteon\n|-resisted|p2a: Jolteon\n|-damage|p2a: Jolteon|47\/100 slp\n|\n|upkeep\n|turn|59\n|\n|t:|1711937917\n|-curestatus|p2a: Jolteon|slp|[msg]\n|move|p1a: Zapdos|Thunder Wave|p2a: Jolteon\n|-status|p2a: Jolteon|par\n|\n|upkeep\n|turn|60\n|\n|t:|1711937924\n|move|p1a: Zapdos|Drill Peck|p2a: Jolteon\n|-crit|p2a: Jolteon\n|-resisted|p2a: Jolteon\n|-damage|p2a: Jolteon|14\/100 par\n|move|p2a: Jolteon|Rest|p2a: Jolteon\n|-status|p2a: Jolteon|slp|[from] move: Rest\n|-heal|p2a: Jolteon|100\/100 slp|[silent]\n|\n|upkeep\n|turn|61\n|\n|t:|1711937932\n|switch|p1a: Slowbro|Slowbro|97\/100 slp\n|cant|p2a: Jolteon|slp\n|\n|upkeep\n|turn|62\n|l| Isthisnametaked\n|\n|t:|1711937939\n|-curestatus|p1a: Slowbro|slp|[msg]\n|-curestatus|p2a: Jolteon|slp|[msg]\n|\n|upkeep\n|turn|63\n|\n|t:|1711937948\n|switch|p1a: Chansey|Chansey|71\/100\n|move|p2a: Jolteon|Thunderbolt|p1a: Chansey\n|-damage|p1a: Chansey|57\/100\n|\n|upkeep\n|turn|64\n|\n|t:|1711937955\n|switch|p2a: Chansey|Chansey|100\/100 par\n|move|p1a: Chansey|Soft-Boiled|p1a: Chansey\n|-heal|p1a: Chansey|100\/100\n|\n|upkeep\n|turn|65\n|\n|t:|1711937967\n|switch|p1a: Zapdos|Zapdos|44\/100\n|cant|p2a: Chansey|par\n|\n|upkeep\n|turn|66\n|\n|t:|1711937973\n|switch|p2a: Jolteon|Jolteon|100\/100\n|move|p1a: Zapdos|Thunder Wave|p2a: Jolteon\n|-status|p2a: Jolteon|par\n|\n|upkeep\n|turn|67\n|\n|t:|1711937978\n|switch|p1a: Chansey|Chansey|100\/100\n|move|p2a: Jolteon|Thunderbolt|p1a: Chansey\n|-damage|p1a: Chansey|85\/100\n|\n|upkeep\n|turn|68\n|\n|t:|1711937984\n|switch|p2a: Chansey|Chansey|100\/100 par\n|move|p1a: Chansey|Seismic Toss|p2a: Chansey\n|-damage|p2a: Chansey|86\/100 par\n|\n|upkeep\n|turn|69\n|j| Isthisnametaked\n|\n|t:|1711937991\n|move|p1a: Chansey|Seismic Toss|p2a: Chansey\n|-damage|p2a: Chansey|72\/100 par\n|move|p2a: Chansey|Sing|p1a: Chansey\n|-status|p1a: Chansey|slp|[from] move: Sing\n|\n|upkeep\n|turn|70\n|\n|t:|1711938001\n|switch|p1a: Slowbro|Slowbro|97\/100\n|switch|p2a: Jolteon|Jolteon|100\/100 par\n|\n|upkeep\n|turn|71\n|\n|t:|1711938006\n|move|p1a: Slowbro|Amnesia|p1a: Slowbro\n|-boost|p1a: Slowbro|spa|2\n|-boost|p1a: Slowbro|spd|2\n|cant|p2a: Jolteon|par\n|\n|upkeep\n|turn|72\n|\n|t:|1711938037\n|move|p1a: Slowbro|Surf|p2a: Jolteon\n|-damage|p2a: Jolteon|48\/100 par\n|move|p2a: Jolteon|Thunderbolt|p1a: Slowbro\n|-supereffective|p1a: Slowbro\n|-damage|p1a: Slowbro|60\/100\n|\n|upkeep\n|turn|73\n|\n|t:|1711938049\n|switch|p2a: Chansey|Chansey|72\/100 par\n|move|p1a: Slowbro|Surf|p2a: Chansey\n|-damage|p2a: Chansey|44\/100 par\n|\n|upkeep\n|turn|74\n|\n|t:|1711938058\n|move|p1a: Slowbro|Amnesia|p1a: Slowbro\n|-boost|p1a: Slowbro|spa|2\n|-boost|p1a: Slowbro|spd|2\n|cant|p2a: Chansey|par\n|\n|upkeep\n|turn|75\n|\n|t:|1711938065\n|move|p1a: Slowbro|Surf|p2a: Chansey\n|-damage|p2a: Chansey|5\/100 par\n|cant|p2a: Chansey|par\n|\n|upkeep\n|turn|76\n|-message|fsgsfksflksf forfeited.\n|\n|win|RBYZA PersNegRNG\n|raw|RBYZA PersNegRNG's rating: 1568 &rarr; <strong>1585<\/strong><br \/>(+17 for winning)\n|raw|fsgsfksflksf's rating: 1524 &rarr; <strong>1507<\/strong><br \/>(-17 for losing)\n|l|\u203dfsgsfksflksf\n|player|p2|\n","uploadtime":1711938090,"views":1,"formatid":"gen1ou","rating":1507,"private":0,"password":null}