{"id":"gen1ou-2093351235","format":"[Gen 1] OU","players":["Venomothra","rbyza acii"],"log":"|raw|<div class=\"broadcast-blue\"><strong>This battle is required to be public due to a player having a name starting with 'rbyza'.<\/div>\n|j|\u2606Venomothra\n|j|\u2606rbyza acii\n|t:|1711943019\n|gametype|singles\n|player|p1|Venomothra|169|1421\n|player|p2|rbyza acii|brock|1619\n|teamsize|p1|6\n|teamsize|p2|6\n|gen|1\n|tier|[Gen 1] OU\n|rated|\n|rule|Desync Clause Mod: Desyncs changed to move failure.\n|rule|Sleep Clause Mod: Limit one foe put to sleep\n|rule|Freeze Clause Mod: Limit one foe frozen\n|rule|Species Clause: Limit one of each Pok\u00e9mon\n|rule|OHKO Clause: OHKO moves are banned\n|rule|Evasion Moves Clause: Evasion moves are banned\n|rule|Endless Battle Clause: Forcing endless battles is banned\n|rule|HP Percentage Mod: HP is shown in percentages\n|\n|t:|1711943019\n|start\n|switch|p1a: Starmie|Starmie|100\/100\n|switch|p2a: Starmie|Starmie|100\/100\n|turn|1\n|inactive|Battle timer is ON: inactive players will automatically lose when time's up. (requested by rbyza acii)\n|j| UltiNooba19\n|c|\u2606rbyza acii|hf\n|\n|t:|1711943049\n|switch|p1a: Chansey|Chansey|100\/100\n|move|p2a: Starmie|Ice Beam|p1a: Chansey\n|-crit|p1a: Chansey\n|-damage|p1a: Chansey|82\/100\n|\n|upkeep\n|turn|2\n|\n|t:|1711943058\n|move|p2a: Starmie|Ice Beam|p1a: Chansey\n|-damage|p1a: Chansey|71\/100\n|move|p1a: Chansey|Thunderbolt|p2a: Starmie\n|-supereffective|p2a: Starmie\n|-damage|p2a: Starmie|54\/100\n|\n|upkeep\n|turn|3\n|\n|t:|1711943065\n|switch|p2a: Exeggutor|Exeggutor|100\/100\n|move|p1a: Chansey|Thunderbolt|p2a: Exeggutor\n|-resisted|p2a: Exeggutor\n|-damage|p2a: Exeggutor|92\/100\n|\n|upkeep\n|turn|4\n|\n|t:|1711943073\n|switch|p1a: Gengar|Gengar|100\/100\n|move|p2a: Exeggutor|Sleep Powder|p1a: Gengar\n|-status|p1a: Gengar|slp|[from] move: Sleep Powder\n|\n|upkeep\n|turn|5\n|\n|t:|1711943100\n|switch|p1a: Exeggutor|Exeggutor|100\/100\n|move|p2a: Exeggutor|Stun Spore|p1a: Exeggutor|[miss]\n|-miss|p2a: Exeggutor\n|\n|upkeep\n|turn|6\n|\n|t:|1711943109\n|move|p1a: Exeggutor|Sleep Powder|p2a: Exeggutor\n|-status|p2a: Exeggutor|slp|[from] move: Sleep Powder\n|cant|p2a: Exeggutor|slp\n|\n|upkeep\n|turn|7\n|c|\u2606rbyza acii|click faster dude\n|inactive|Venomothra has 120 seconds left.\n|\n|t:|1711943137\n|switch|p1a: Starmie|Starmie|100\/100\n|switch|p2a: Starmie|Starmie|54\/100\n|\n|upkeep\n|turn|8\n|inactive|Venomothra has 120 seconds left.\n|\n|t:|1711943146\n|switch|p2a: Chansey|Chansey|100\/100\n|switch|p1a: Chansey|Chansey|71\/100\n|\n|upkeep\n|turn|9\n|inactive|Venomothra has 120 seconds left.\n|j| jokey1990\n|\n|t:|1711943175\n|switch|p1a: Snorlax|Snorlax|100\/100\n|move|p2a: Chansey|Thunder Wave|p1a: Snorlax\n|-status|p1a: Snorlax|par\n|\n|upkeep\n|turn|10\n|j| Strange Cr3ature\n|\n|t:|1711943180\n|move|p2a: Chansey|Ice Beam|p1a: Snorlax\n|-damage|p1a: Snorlax|80\/100 par\n|move|p1a: Snorlax|Body Slam|p2a: Chansey\n|-damage|p2a: Chansey|59\/100\n|\n|upkeep\n|turn|11\n|j|+Sceptross\n|l| Strange Cr3ature\n|\n|t:|1711943190\n|move|p2a: Chansey|Soft-Boiled|p2a: Chansey\n|-heal|p2a: Chansey|100\/100\n|move|p1a: Snorlax|Body Slam|p2a: Chansey\n|-damage|p2a: Chansey|58\/100\n|\n|upkeep\n|turn|12\n|inactive|Venomothra has 120 seconds left.\n|\n|t:|1711943196\n|switch|p2a: Snorlax|Snorlax|100\/100\n|move|p1a: Snorlax|Body Slam|p2a: Snorlax\n|-damage|p2a: Snorlax|76\/100\n|\n|upkeep\n|turn|13\n|inactive|Venomothra has 120 seconds left.\n|\n|t:|1711943214\n|switch|p1a: Gengar|Gengar|100\/100 slp\n|move|p2a: Snorlax|Body Slam|p1a: Gengar\n|-immune|p1a: Gengar\n|\n|upkeep\n|turn|14\n|inactive|Venomothra has 120 seconds left.\n|\n|t:|1711943220\n|switch|p1a: Exeggutor|Exeggutor|100\/100\n|move|p2a: Snorlax|Body Slam|p1a: Exeggutor\n|-damage|p1a: Exeggutor|70\/100\n|-status|p1a: Exeggutor|par\n|\n|upkeep\n|turn|15\n|\n|t:|1711943227\n|move|p2a: Snorlax|Body Slam|p1a: Exeggutor\n|-damage|p1a: Exeggutor|39\/100 par\n|move|p1a: Exeggutor|Stun Spore|p2a: Snorlax\n|-status|p2a: Snorlax|par\n|\n|upkeep\n|turn|16\n|\n|t:|1711943234\n|switch|p2a: Exeggutor|Exeggutor|92\/100 slp\n|move|p1a: Exeggutor|Explosion|p2a: Exeggutor\n|-damage|p2a: Exeggutor|16\/100 slp\n|faint|p1a: Exeggutor\n|\n|t:|1711943241\n|switch|p1a: Gengar|Gengar|100\/100 slp\n|turn|17\n|\n|t:|1711943245\n|switch|p2a: Rhydon|Rhydon|100\/100\n|cant|p1a: Gengar|slp\n|\n|upkeep\n|turn|18\n|\n|t:|1711943259\n|switch|p1a: Starmie|Starmie|100\/100\n|move|p2a: Rhydon|Earthquake|p1a: Starmie\n|-damage|p1a: Starmie|52\/100\n|\n|upkeep\n|turn|19\n|\n|t:|1711943265\n|switch|p2a: Chansey|Chansey|58\/100\n|move|p1a: Starmie|Hydro Pump|p2a: Chansey\n|-damage|p2a: Chansey|38\/100\n|\n|upkeep\n|turn|20\n|\n|t:|1711943272\n|move|p1a: Starmie|Hydro Pump|p2a: Chansey\n|-damage|p2a: Chansey|17\/100\n|move|p2a: Chansey|Soft-Boiled|p2a: Chansey\n|-heal|p2a: Chansey|67\/100\n|\n|upkeep\n|turn|21\n|\n|t:|1711943281\n|switch|p1a: Snorlax|Snorlax|80\/100 par\n|move|p2a: Chansey|Thunder Wave|p1a: Snorlax\n|-fail|p1a: Snorlax|par\n|\n|upkeep\n|turn|22\n|j| Kolarias\n|\n|t:|1711943292\n|switch|p2a: Snorlax|Snorlax|76\/100 par\n|move|p1a: Snorlax|Surf|p2a: Snorlax\n|-damage|p2a: Snorlax|62\/100 par\n|\n|upkeep\n|turn|23\n|j| rbyza haxerohaxero\n|l| rbyza haxerohaxero\n|\n|t:|1711943315\n|switch|p1a: Gengar|Gengar|100\/100 slp\n|move|p2a: Snorlax|Body Slam|p1a: Gengar\n|-immune|p1a: Gengar\n|\n|upkeep\n|turn|24\n|c|\u2606rbyza acii|brooo clickkk please\n|\n|t:|1711943328\n|switch|p2a: Starmie|Starmie|54\/100\n|cant|p1a: Gengar|slp\n|\n|upkeep\n|turn|25\n|\n|t:|1711943334\n|switch|p1a: Chansey|Chansey|71\/100\n|move|p2a: Starmie|Recover|p2a: Starmie\n|-heal|p2a: Starmie|100\/100\n|\n|upkeep\n|turn|26\n|\n|t:|1711943344\n|switch|p2a: Chansey|Chansey|67\/100\n|move|p1a: Chansey|Ice Beam|p2a: Chansey\n|-damage|p2a: Chansey|57\/100\n|\n|upkeep\n|turn|27\n|\n|t:|1711943353\n|switch|p1a: Snorlax|Snorlax|80\/100 par\n|move|p2a: Chansey|Thunder Wave|p1a: Snorlax\n|-fail|p1a: Snorlax|par\n|\n|upkeep\n|turn|28\n|\n|t:|1711943360\n|switch|p2a: Snorlax|Snorlax|62\/100 par\n|move|p1a: Snorlax|Body Slam|p2a: Snorlax\n|-damage|p2a: Snorlax|35\/100 par\n|\n|upkeep\n|turn|29\n|\n|t:|1711943370\n|switch|p1a: Gengar|Gengar|100\/100 slp\n|switch|p2a: Rhydon|Rhydon|100\/100\n|\n|upkeep\n|turn|30\n|\n|t:|1711943385\n|switch|p1a: Starmie|Starmie|52\/100\n|move|p2a: Rhydon|Earthquake|p1a: Starmie\n|-damage|p1a: Starmie|4\/100\n|\n|upkeep\n|turn|31\n|\n|t:|1711943395\n|switch|p2a: Chansey|Chansey|57\/100\n|move|p1a: Starmie|Recover|p1a: Starmie\n|-heal|p1a: Starmie|53\/100\n|\n|upkeep\n|turn|32\n|c|\u2606rbyza acii|click click clikc!!\n|\n|t:|1711943412\n|move|p1a: Starmie|Hydro Pump|p2a: Chansey\n|-damage|p2a: Chansey|37\/100\n|move|p2a: Chansey|Thunderbolt|p1a: Starmie\n|-supereffective|p1a: Starmie\n|-damage|p1a: Starmie|8\/100\n|-status|p1a: Starmie|par\n|\n|upkeep\n|turn|33\n|\n|t:|1711943423\n|switch|p1a: Snorlax|Snorlax|80\/100 par\n|move|p2a: Chansey|Soft-Boiled|p2a: Chansey\n|-heal|p2a: Chansey|87\/100\n|\n|upkeep\n|turn|34\n|\n|t:|1711943431\n|switch|p2a: Exeggutor|Exeggutor|16\/100 slp\n|move|p1a: Snorlax|Body Slam|p2a: Exeggutor\n|-crit|p2a: Exeggutor\n|-damage|p2a: Exeggutor|0 fnt\n|faint|p2a: Exeggutor\n|\n|t:|1711943433\n|switch|p2a: Starmie|Starmie|100\/100\n|turn|35\n|\n|t:|1711943443\n|switch|p1a: Chansey|Chansey|71\/100\n|move|p2a: Starmie|Psychic|p1a: Chansey\n|-damage|p1a: Chansey|56\/100\n|\n|upkeep\n|turn|36\n|\n|t:|1711943449\n|move|p2a: Starmie|Thunder Wave|p1a: Chansey\n|-status|p1a: Chansey|par\n|cant|p1a: Chansey|par\n|\n|upkeep\n|turn|37\n|\n|t:|1711943455\n|switch|p2a: Snorlax|Snorlax|35\/100 par\n|move|p1a: Chansey|Ice Beam|p2a: Snorlax\n|-damage|p2a: Snorlax|14\/100 par\n|\n|upkeep\n|turn|38\n|\n|t:|1711943462\n|switch|p1a: Gengar|Gengar|100\/100 slp\n|move|p2a: Snorlax|Rest|p2a: Snorlax\n|-status|p2a: Snorlax|slp|[from] move: Rest\n|-heal|p2a: Snorlax|100\/100 slp|[silent]\n|\n|upkeep\n|turn|39\n|n| RBYZA Courage|sceptross\n|\n|t:|1711943475\n|switch|p1a: Snorlax|Snorlax|80\/100 par\n|switch|p2a: Rhydon|Rhydon|100\/100\n|\n|upkeep\n|turn|40\n|\n|t:|1711943483\n|move|p2a: Rhydon|Earthquake|p1a: Snorlax\n|-damage|p1a: Snorlax|43\/100 par\n|move|p1a: Snorlax|Surf|p2a: Rhydon\n|-supereffective|p2a: Rhydon\n|-damage|p2a: Rhydon|17\/100\n|\n|upkeep\n|turn|41\n|c|\u2606rbyza acii|click click click!!1!!!!!\n|c|\u2606rbyza acii|please\n|inactive|Venomothra has 120 seconds left.\n|\n|t:|1711943514\n|move|p2a: Rhydon|Earthquake|p1a: Snorlax\n|-damage|p1a: Snorlax|5\/100 par\n|move|p1a: Snorlax|Surf|p2a: Rhydon\n|-supereffective|p2a: Rhydon\n|-damage|p2a: Rhydon|0 fnt\n|faint|p2a: Rhydon\n|c|\u2606rbyza acii|XD\n|\n|t:|1711943517\n|switch|p2a: Tauros|Tauros|100\/100\n|turn|42\n|inactive|Venomothra has 120 seconds left.\n|\n|t:|1711943545\n|move|p2a: Tauros|Body Slam|p1a: Snorlax\n|-damage|p1a: Snorlax|0 fnt\n|faint|p1a: Snorlax\n|\n|t:|1711943552\n|switch|p1a: Tauros|Tauros|100\/100\n|turn|43\n|\n|t:|1711943555\n|move|p1a: Tauros|Body Slam|p2a: Tauros\n|-damage|p2a: Tauros|71\/100\n|move|p2a: Tauros|Body Slam|p1a: Tauros\n|-damage|p1a: Tauros|69\/100\n|\n|upkeep\n|turn|44\n|inactive|Venomothra has 120 seconds left.\n|\n|t:|1711943588\n|move|p1a: Tauros|Body Slam|p2a: Tauros\n|-damage|p2a: Tauros|44\/100\n|move|p2a: Tauros|Body Slam|p1a: Tauros\n|-damage|p1a: Tauros|40\/100\n|\n|upkeep\n|turn|45\n|\n|t:|1711943594\n|switch|p2a: Chansey|Chansey|87\/100\n|move|p1a: Tauros|Hyper Beam|p2a: Chansey\n|-damage|p2a: Chansey|19\/100\n|-mustrecharge|p1a: Tauros\n|\n|upkeep\n|turn|46\n|\n|t:|1711943600\n|cant|p1a: Tauros|recharge\n|move|p2a: Chansey|Thunder Wave|p1a: Tauros\n|-status|p1a: Tauros|par\n|\n|upkeep\n|turn|47\n|c|\u2606rbyza acii|broooooo\n|c|\u2606rbyza acii|clickkkkk\n|c|\u2606rbyza acii|pleaseee\n|inactive|Venomothra has 90 seconds left.\n|c|\u2606rbyza acii|click clikc click\n|c|\u2606rbyza acii|click click click\n|c|\u2606rbyza acii|Venomothra\n|c|\u2606rbyza acii|brooo\n|inactive|Venomothra has 60 seconds left.\n|\n|t:|1711943661\n|switch|p2a: Snorlax|Snorlax|100\/100 slp\n|switch|p1a: Chansey|Chansey|56\/100 par\n|\n|upkeep\n|turn|48\n|c|\u2606rbyza acii|please don't stall\n|\n|t:|1711943666\n|cant|p2a: Snorlax|slp\n|cant|p1a: Chansey|par\n|\n|upkeep\n|turn|49\n|\n|t:|1711943671\n|switch|p1a: Starmie|Starmie|8\/100 par\n|-curestatus|p2a: Snorlax|slp|[msg]\n|\n|upkeep\n|turn|50\n|j|+emma\n|c|\u2606rbyza acii|very important for me\n|\n|t:|1711943676\n|switch|p1a: Gengar|Gengar|100\/100 slp\n|move|p2a: Snorlax|Body Slam|p1a: Gengar\n|-immune|p1a: Gengar\n|\n|upkeep\n|turn|51\n|c|\u2606Venomothra|It's not over until it is over\n|inactive|Venomothra has 60 seconds left.\n|c|\u2606rbyza acii|yea but click faster\n|c|\u2606rbyza acii|!\n|c|\u2606rbyza acii|I am on a timer\n|c|\u2606rbyza acii|for real\n|\n|t:|1711943716\n|switch|p2a: Tauros|Tauros|44\/100\n|cant|p1a: Gengar|slp\n|\n|upkeep\n|turn|52\n|c| UltiNooba19|Nah don't click\n|c|\u2606rbyza acii|it's not to be an asshole\n|c| UltiNooba19|Take your time\n|c|\u2606Venomothra|Ya gotta think sometimes\n|c|\u2606rbyza acii|broo\n|c|\u2606rbyza acii|pleas\n|c|\u2606rbyza acii|e\n|c| UltiNooba19|Exactly\n|c|\u2606rbyza acii|wtf\n|c|\u2606rbyza acii|come on\n|\n|t:|1711943742\n|move|p2a: Tauros|Earthquake|p1a: Gengar\n|-crit|p1a: Gengar\n|-supereffective|p1a: Gengar\n|-damage|p1a: Gengar|0 fnt\n|faint|p1a: Gengar\n|inactive|Venomothra has 30 seconds left.\n|c|\u2606rbyza acii|please don't stall\n|\n|t:|1711943758\n|switch|p1a: Tauros|Tauros|40\/100 par\n|turn|53\n|\n|t:|1711943761\n|move|p2a: Tauros|Hyper Beam|p1a: Tauros\n|-damage|p1a: Tauros|0 fnt\n|faint|p1a: Tauros\n|inactive|Venomothra has 30 seconds left.\n|\n|t:|1711943773\n|switch|p1a: Starmie|Starmie|8\/100 par\n|turn|54\n|c|\u2606rbyza acii|please click\n|\n|t:|1711943776\n|move|p2a: Tauros|Body Slam|p1a: Starmie\n|-damage|p1a: Starmie|0 fnt\n|faint|p1a: Starmie\n|\n|t:|1711943783\n|switch|p1a: Chansey|Chansey|56\/100 par\n|turn|55\n|\n|t:|1711943789\n|move|p2a: Tauros|Hyper Beam|p1a: Chansey\n|-damage|p1a: Chansey|0 fnt\n|faint|p1a: Chansey\n|\n|win|rbyza acii\n|raw|Venomothra's rating: 1421 &rarr; <strong>1411<\/strong><br \/>(-10 for losing)\n|raw|rbyza acii's rating: 1619 &rarr; <strong>1629<\/strong><br \/>(+10 for winning)\n|l|+emma\n|l| Kolarias\n|l|\u2606rbyza acii\n|player|p2|\n|c|\u2606Venomothra|Well, I hope your happy\n|l| UltiNooba19\n|l| jokey1990\n|c|\u2606Venomothra|I have much to learn\n|c|\u2606Venomothra|Still, when I was in 1100 ranking I would be envious of where I am today\n|l|\u2606Venomothra\n|player|p1|\n","uploadtime":1711944009,"views":16,"formatid":"gen1ou","rating":1411,"private":0,"password":null}