|j|☆Cowsrule247
|j|☆Bowlbuhssore
|t:|1711946200
|gametype|singles
|player|p1|Cowsrule247|skyla|1366
|player|p2|Bowlbuhssore|1|1204
|teamsize|p1|6
|teamsize|p2|6
|gen|1
|tier|[Gen 1] OU
|rated|
|rule|Desync Clause Mod: Desyncs changed to move failure.
|rule|Sleep Clause Mod: Limit one foe put to sleep
|rule|Freeze Clause Mod: Limit one foe frozen
|rule|Species Clause: Limit one of each Pokémon
|rule|OHKO Clause: OHKO moves are banned
|rule|Evasion Moves Clause: Evasion moves are banned
|rule|Endless Battle Clause: Forcing endless battles is banned
|rule|HP Percentage Mod: HP is shown in percentages
|
|t:|1711946200
|start
|switch|p1a: Jynx|Jynx|100/100
|switch|p2a: Chansey|Chansey|100/100
|turn|1
|inactive|Battle timer is ON: inactive players will automatically lose when time's up. (requested by Bowlbuhssore)
|j| Strange Cr3ature
|
|t:|1711946224
|switch|p2a: Electrode|Electrode|100/100
|move|p1a: Jynx|Lovely Kiss|p2a: Electrode
|-status|p2a: Electrode|slp|[from] move: Lovely Kiss
|
|upkeep
|turn|2
|
|t:|1711946230
|switch|p2a: Jynx|Jynx|100/100
|move|p1a: Jynx|Blizzard|p2a: Jynx
|-resisted|p2a: Jynx
|-damage|p2a: Jynx|79/100
|
|upkeep
|turn|3
|
|t:|1711946243
|move|p2a: Jynx|Lovely Kiss|p1a: Jynx|[miss]
|-miss|p2a: Jynx
|move|p1a: Jynx|Psychic|p2a: Jynx
|-resisted|p2a: Jynx
|-damage|p2a: Jynx|64/100
|-unboost|p2a: Jynx|spa|1
|-unboost|p2a: Jynx|spd|1
|
|upkeep
|turn|4
|
|t:|1711946246
|move|p1a: Jynx|Psychic|p2a: Jynx
|-crit|p2a: Jynx
|-resisted|p2a: Jynx
|-damage|p2a: Jynx|32/100
|move|p2a: Jynx|Lovely Kiss|p1a: Jynx
|-status|p1a: Jynx|slp|[from] move: Lovely Kiss
|
|upkeep
|turn|5
|
|t:|1711946254
|switch|p2a: Snorlax|Snorlax|100/100
|cant|p1a: Jynx|slp
|
|upkeep
|turn|6
|
|t:|1711946263
|switch|p1a: Snorlax|Snorlax|100/100
|move|p2a: Snorlax|Amnesia|p2a: Snorlax
|-boost|p2a: Snorlax|spa|2
|-boost|p2a: Snorlax|spd|2
|
|upkeep
|turn|7
|inactive|Cowsrule247 has 120 seconds left.
|
|t:|1711946299
|switch|p1a: Starmie|Starmie|100/100
|move|p2a: Snorlax|Blizzard|p1a: Starmie
|-resisted|p1a: Starmie
|-damage|p1a: Starmie|79/100
|
|upkeep
|turn|8
|
|t:|1711946310
|move|p1a: Starmie|Thunder Wave|p2a: Snorlax
|-status|p2a: Snorlax|par
|cant|p2a: Snorlax|par
|
|upkeep
|turn|9
|
|t:|1711946322
|switch|p1a: Snorlax|Snorlax|100/100
|move|p2a: Snorlax|Body Slam|p1a: Snorlax
|-damage|p1a: Snorlax|73/100
|
|upkeep
|turn|10
|
|t:|1711946327
|move|p1a: Snorlax|Reflect|p1a: Snorlax
|-start|p1a: Snorlax|Reflect
|move|p2a: Snorlax|Blizzard|p1a: Snorlax
|-damage|p1a: Snorlax|36/100
|-status|p1a: Snorlax|frz
|
|upkeep
|turn|11
|
|t:|1711946344
|switch|p1a: Starmie|Starmie|79/100
|move|p2a: Snorlax|Amnesia|p2a: Snorlax
|-boost|p2a: Snorlax|spa|2
|-boost|p2a: Snorlax|spd|2
|
|upkeep
|turn|12
|
|t:|1711946356
|move|p1a: Starmie|Thunderbolt|p2a: Snorlax
|-damage|p2a: Snorlax|94/100 par
|move|p2a: Snorlax|Body Slam|p1a: Starmie
|-damage|p1a: Starmie|41/100
|
|upkeep
|turn|13
|
|t:|1711946361
|move|p1a: Starmie|Recover|p1a: Starmie
|-heal|p1a: Starmie|91/100
|cant|p2a: Snorlax|par
|
|upkeep
|turn|14
|
|t:|1711946366
|move|p1a: Starmie|Thunderbolt|p2a: Snorlax
|-damage|p2a: Snorlax|88/100 par
|move|p2a: Snorlax|Body Slam|p1a: Starmie
|-damage|p1a: Starmie|52/100
|-status|p1a: Starmie|par
|
|upkeep
|turn|15
|
|t:|1711946370
|move|p1a: Starmie|Recover|p1a: Starmie
|-heal|p1a: Starmie|100/100 par
|cant|p2a: Snorlax|par
|
|upkeep
|turn|16
|
|t:|1711946374
|move|p1a: Starmie|Thunderbolt|p2a: Snorlax
|-damage|p2a: Snorlax|82/100 par
|move|p2a: Snorlax|Body Slam|p1a: Starmie
|-damage|p1a: Starmie|66/100 par
|
|upkeep
|turn|17
|
|t:|1711946379
|move|p1a: Starmie|Recover|p1a: Starmie
|-heal|p1a: Starmie|100/100 par
|move|p2a: Snorlax|Body Slam|p1a: Starmie
|-damage|p1a: Starmie|66/100 par
|
|upkeep
|turn|18
|
|t:|1711946386
|move|p1a: Starmie|Recover|p1a: Starmie
|-heal|p1a: Starmie|100/100 par
|move|p2a: Snorlax|Body Slam|p1a: Starmie
|-damage|p1a: Starmie|65/100 par
|
|upkeep
|turn|19
|
|t:|1711946389
|move|p1a: Starmie|Recover|p1a: Starmie
|-heal|p1a: Starmie|100/100 par
|move|p2a: Snorlax|Body Slam|p1a: Starmie
|-damage|p1a: Starmie|63/100 par
|
|upkeep
|turn|20
|
|t:|1711946393
|move|p1a: Starmie|Recover|p1a: Starmie
|-heal|p1a: Starmie|100/100 par
|move|p2a: Snorlax|Body Slam|p1a: Starmie
|-damage|p1a: Starmie|63/100 par
|
|upkeep
|turn|21
|
|t:|1711946400
|move|p1a: Starmie|Recover|p1a: Starmie
|-heal|p1a: Starmie|100/100 par
|cant|p2a: Snorlax|par
|
|upkeep
|turn|22
|
|t:|1711946402
|move|p1a: Starmie|Thunderbolt|p2a: Snorlax
|-damage|p2a: Snorlax|75/100 par
|move|p2a: Snorlax|Self-Destruct|p1a: Starmie
|-damage|p1a: Starmie|0 fnt
|faint|p1a: Starmie
|faint|p2a: Snorlax
|
|t:|1711946418
|switch|p1a: Rhydon|Rhydon|100/100
|switch|p2a: Tauros|Tauros|100/100
|turn|23
|
|t:|1711946427
|move|p2a: Tauros|Fire Blast|p1a: Rhydon
|-resisted|p1a: Rhydon
|-damage|p1a: Rhydon|87/100
|move|p1a: Rhydon|Earthquake|p2a: Tauros
|-damage|p2a: Tauros|58/100
|
|upkeep
|turn|24
|
|t:|1711946437
|switch|p2a: Chansey|Chansey|100/100
|move|p1a: Rhydon|Earthquake|p2a: Chansey
|-damage|p2a: Chansey|47/100
|
|upkeep
|turn|25
|
|t:|1711946442
|move|p2a: Chansey|Ice Beam|p1a: Rhydon
|-supereffective|p1a: Rhydon
|-damage|p1a: Rhydon|27/100
|move|p1a: Rhydon|Earthquake|p2a: Chansey
|-damage|p2a: Chansey|0 fnt
|faint|p2a: Chansey
|
|t:|1711946447
|switch|p2a: Dugtrio|Dugtrio|100/100
|turn|26
|
|t:|1711946454
|switch|p1a: Snorlax|Snorlax|36/100 frz
|move|p2a: Dugtrio|Earthquake|p1a: Snorlax
|-damage|p1a: Snorlax|11/100 frz
|
|upkeep
|turn|27
|
|t:|1711946461
|move|p2a: Dugtrio|Body Slam|p1a: Snorlax
|-damage|p1a: Snorlax|0 fnt
|faint|p1a: Snorlax
|
|t:|1711946476
|switch|p1a: Chansey|Chansey|100/100
|turn|28
|
|t:|1711946479
|move|p2a: Dugtrio|Earthquake|p1a: Chansey
|-crit|p1a: Chansey
|-damage|p1a: Chansey|22/100
|move|p1a: Chansey|Ice Beam|p2a: Dugtrio
|-supereffective|p2a: Dugtrio
|-damage|p2a: Dugtrio|32/100
|
|upkeep
|turn|29
|
|t:|1711946488
|switch|p1a: Rhydon|Rhydon|27/100
|move|p2a: Dugtrio|Earthquake|p1a: Rhydon
|-supereffective|p1a: Rhydon
|-damage|p1a: Rhydon|0 fnt
|faint|p1a: Rhydon
|
|t:|1711946495
|switch|p1a: Tauros|Tauros|100/100
|turn|30
|
|t:|1711946503
|move|p2a: Dugtrio|Earthquake|p1a: Tauros
|-damage|p1a: Tauros|71/100
|move|p1a: Tauros|Body Slam|p2a: Dugtrio
|-damage|p2a: Dugtrio|0 fnt
|faint|p2a: Dugtrio
|
|t:|1711946508
|switch|p2a: Tauros|Tauros|58/100
|turn|31
|inactive|Cowsrule247 has 120 seconds left.
|
|t:|1711946555
|move|p1a: Tauros|Blizzard|p2a: Tauros
|-damage|p2a: Tauros|33/100
|move|p2a: Tauros|Fire Blast|p1a: Tauros
|-damage|p1a: Tauros|44/100
|
|upkeep
|turn|32
|
|t:|1711946572
|switch|p1a: Jynx|Jynx|100/100 slp
|move|p2a: Tauros|Hyper Beam|p1a: Jynx
|-crit|p1a: Jynx
|-damage|p1a: Jynx|0 fnt
|faint|p1a: Jynx
|
|t:|1711946582
|switch|p1a: Tauros|Tauros|44/100
|turn|33
|
|t:|1711946585
|move|p2a: Tauros|Hyper Beam|p1a: Tauros
|-crit|p1a: Tauros
|-damage|p1a: Tauros|0 fnt
|faint|p1a: Tauros
|inactive|Cowsrule247 has 120 seconds left.
|-message|Cowsrule247 forfeited.
|
|win|Bowlbuhssore
|raw|Cowsrule247's rating: 1366 &rarr; <strong>1337</strong><br />(-29 for losing)
|raw|Bowlbuhssore's rating: 1204 &rarr; <strong>1240</strong><br />(+36 for winning)
|l|☆Cowsrule247
|player|p1|
