{"id":"gen9ou-2093374606","format":"[Gen 9] OU","players":["saltybae7","worms deluxe"],"log":"|j|\u2606saltybae7\n|j|\u2606worms deluxe\n|t:|1711946715\n|gametype|singles\n|player|p1|saltybae7|170|1363\n|player|p2|worms deluxe|gardenia|1418\n|teamsize|p1|6\n|teamsize|p2|6\n|gen|9\n|tier|[Gen 9] OU\n|rated|\n|rule|Species Clause: Limit one of each Pok\u00e9mon\n|rule|OHKO Clause: OHKO moves are banned\n|rule|Evasion Items Clause: Evasion items are banned\n|rule|Evasion Moves Clause: Evasion moves are banned\n|rule|Endless Battle Clause: Forcing endless battles is banned\n|rule|HP Percentage Mod: HP is shown in percentages\n|rule|Sleep Moves Clause: Sleep-inducing moves are banned\n|clearpoke\n|poke|p1|Grimmsnarl, M|\n|poke|p1|Ceruledge, M|\n|poke|p1|Quaquaval, F|\n|poke|p1|Gliscor, F|\n|poke|p1|Espeon, M|\n|poke|p1|Serperior, F|\n|poke|p2|Landorus-Therian, M|\n|poke|p2|Primarina, F|\n|poke|p2|Ogerpon-Wellspring, F|\n|poke|p2|Kingambit, F|\n|poke|p2|Skeledirge, F|\n|poke|p2|Rillaboom, F|\n|teampreview\n|inactive|Battle timer is ON: inactive players will automatically lose when time's up. (requested by worms deluxe)\n|inactive|saltybae7 has 120 seconds left.\n|inactive|saltybae7 has 90 seconds left.\n|\n|t:|1711946855\n|start\n|switch|p1a: Espeon|Espeon, M|100\/100\n|switch|p2a: Primarina|Primarina, F|100\/100\n|turn|1\n|\n|t:|1711946873\n|move|p1a: Espeon|Psychic|p2a: Primarina\n|-damage|p2a: Primarina|44\/100\n|move|p2a: Primarina|Psychic Noise|p1a: Espeon\n|-damage|p1a: Espeon|57\/100\n|-start|p1a: Espeon|move: Heal Block\n|\n|upkeep\n|turn|2\n|\n|t:|1711946884\n|switch|p2a: Kingambit|Kingambit, F|100\/100\n|move|p1a: Espeon|Psychic|p2a: Kingambit\n|-immune|p2a: Kingambit\n|\n|-end|p1a: Espeon|move: Heal Block\n|upkeep\n|turn|3\n|\n|t:|1711946892\n|switch|p1a: Gliscor|Gliscor, F|100\/100\n|move|p2a: Kingambit|Iron Head|p1a: Gliscor\n|-damage|p1a: Gliscor|69\/100\n|\n|-status|p1a: Gliscor|tox|[from] item: Toxic Orb\n|upkeep\n|turn|4\n|\n|t:|1711946899\n|-end|p2a: Kingambit|fallenundefined|[silent]\n|switch|p2a: Rillaboom|Rillaboom, F|100\/100\n|-fieldstart|move: Grassy Terrain|[from] ability: Grassy Surge|[of] p2a: Rillaboom\n|move|p1a: Gliscor|Substitute|p1a: Gliscor\n|-start|p1a: Gliscor|Substitute\n|-damage|p1a: Gliscor|44\/100 tox\n|\n|-heal|p1a: Gliscor|56\/100 tox|[from] ability: Poison Heal\n|upkeep\n|turn|5\n|\n|t:|1711946906\n|move|p2a: Rillaboom|Grassy Glide|p1a: Gliscor\n|-end|p1a: Gliscor|Substitute\n|move|p1a: Gliscor|Toxic|p2a: Rillaboom\n|-status|p2a: Rillaboom|tox\n|\n|-heal|p1a: Gliscor|68\/100 tox|[from] ability: Poison Heal\n|-damage|p2a: Rillaboom|94\/100 tox|[from] psn\n|upkeep\n|turn|6\n|\n|t:|1711946931\n|switch|p1a: Grimmsnarl|Grimmsnarl, M|100\/100\n|switch|p2a: Ogerpon|Ogerpon-Wellspring, F|100\/100\n|\n|upkeep\n|turn|7\n|\n|t:|1711946939\n|switch|p2a: Primarina|Primarina, F|44\/100\n|-enditem|p2a: Primarina|Grassy Seed\n|-boost|p2a: Primarina|def|1|[from] item: Grassy Seed\n|move|p1a: Grimmsnarl|Reflect|p1a: Grimmsnarl\n|-sidestart|p1: saltybae7|Reflect\n|\n|-heal|p2a: Primarina|50\/100|[from] Grassy Terrain\n|upkeep\n|turn|8\n|\n|t:|1711946948\n|move|p1a: Grimmsnarl|Reflect||[still]\n|-fail|p1a: Grimmsnarl\n|move|p2a: Primarina|Draining Kiss|p1a: Grimmsnarl\n|-supereffective|p1a: Grimmsnarl\n|-damage|p1a: Grimmsnarl|58\/100\n|-heal|p2a: Primarina|79\/100|[from] drain|[of] p1a: Grimmsnarl\n|\n|-heal|p2a: Primarina|85\/100|[from] Grassy Terrain\n|-heal|p1a: Grimmsnarl|64\/100|[from] Grassy Terrain\n|upkeep\n|turn|9\n|\n|t:|1711946957\n|move|p1a: Grimmsnarl|Light Screen|p1a: Grimmsnarl\n|-sidestart|p1: saltybae7|move: Light Screen\n|move|p2a: Primarina|Calm Mind|p2a: Primarina\n|-boost|p2a: Primarina|spa|1\n|-boost|p2a: Primarina|spd|1\n|\n|-heal|p2a: Primarina|91\/100|[from] Grassy Terrain\n|-heal|p1a: Grimmsnarl|70\/100|[from] Grassy Terrain\n|upkeep\n|turn|10\n|\n|t:|1711946966\n|move|p1a: Grimmsnarl|Thunder Wave|p2a: Primarina\n|-status|p2a: Primarina|par\n|cant|p2a: Primarina|par\n|\n|-heal|p1a: Grimmsnarl|76\/100|[from] Grassy Terrain\n|-heal|p2a: Primarina|97\/100 par|[from] Grassy Terrain\n|upkeep\n|turn|11\n|\n|t:|1711946977\n|move|p1a: Grimmsnarl|Spirit Break|p2a: Primarina\n|-damage|p2a: Primarina|82\/100 par\n|-unboost|p2a: Primarina|spa|1\n|move|p2a: Primarina|Calm Mind|p2a: Primarina\n|-boost|p2a: Primarina|spa|1\n|-boost|p2a: Primarina|spd|1\n|\n|-heal|p1a: Grimmsnarl|82\/100|[from] Grassy Terrain\n|-heal|p2a: Primarina|88\/100 par|[from] Grassy Terrain\n|-fieldend|move: Grassy Terrain\n|upkeep\n|turn|12\n|\n|t:|1711946984\n|move|p1a: Grimmsnarl|Spirit Break|p2a: Primarina\n|-damage|p2a: Primarina|71\/100 par\n|-unboost|p2a: Primarina|spa|1\n|move|p2a: Primarina|Calm Mind|p2a: Primarina\n|-boost|p2a: Primarina|spa|1\n|-boost|p2a: Primarina|spd|1\n|\n|upkeep\n|turn|13\n|\n|t:|1711947005\n|move|p1a: Grimmsnarl|Spirit Break|p2a: Primarina\n|-damage|p2a: Primarina|55\/100 par\n|-unboost|p2a: Primarina|spa|1\n|cant|p2a: Primarina|par\n|\n|upkeep\n|turn|14\n|\n|t:|1711947011\n|move|p1a: Grimmsnarl|Spirit Break|p2a: Primarina\n|-damage|p2a: Primarina|40\/100 par\n|-unboost|p2a: Primarina|spa|1\n|move|p2a: Primarina|Draining Kiss|p1a: Grimmsnarl\n|-supereffective|p1a: Grimmsnarl\n|-damage|p1a: Grimmsnarl|68\/100\n|-heal|p2a: Primarina|50\/100 par|[from] drain|[of] p1a: Grimmsnarl\n|\n|-sideend|p1: saltybae7|Reflect\n|upkeep\n|turn|15\n|\n|t:|1711947025\n|move|p1a: Grimmsnarl|Spirit Break|p2a: Primarina\n|-damage|p2a: Primarina|34\/100 par\n|-unboost|p2a: Primarina|spa|1\n|move|p2a: Primarina|Calm Mind|p2a: Primarina\n|-boost|p2a: Primarina|spa|1\n|-boost|p2a: Primarina|spd|1\n|\n|upkeep\n|turn|16\n|\n|t:|1711947033\n|move|p1a: Grimmsnarl|Spirit Break|p2a: Primarina\n|-damage|p2a: Primarina|18\/100 par\n|-unboost|p2a: Primarina|spa|1\n|cant|p2a: Primarina|par\n|\n|-sideend|p1: saltybae7|move: Light Screen\n|upkeep\n|turn|17\n|\n|t:|1711947047\n|move|p1a: Grimmsnarl|Spirit Break|p2a: Primarina\n|-damage|p2a: Primarina|2\/100 par\n|-unboost|p2a: Primarina|spa|1\n|cant|p2a: Primarina|par\n|\n|upkeep\n|turn|18\n|\n|t:|1711947053\n|move|p1a: Grimmsnarl|Light Screen|p1a: Grimmsnarl\n|-sidestart|p1: saltybae7|move: Light Screen\n|move|p2a: Primarina|Draining Kiss|p1a: Grimmsnarl\n|-supereffective|p1a: Grimmsnarl\n|-damage|p1a: Grimmsnarl|59\/100\n|-heal|p2a: Primarina|8\/100 par|[from] drain|[of] p1a: Grimmsnarl\n|\n|upkeep\n|turn|19\n|\n|t:|1711947067\n|move|p1a: Grimmsnarl|Spirit Break|p2a: Primarina\n|-damage|p2a: Primarina|0 fnt\n|faint|p2a: Primarina\n|\n|upkeep\n|\n|t:|1711947070\n|switch|p2a: Ogerpon|Ogerpon-Wellspring, F|100\/100\n|turn|20\n|\n|t:|1711947075\n|switch|p2a: Landorus|Landorus-Therian, M|100\/100\n|-ability|p2a: Landorus|Intimidate|boost\n|-unboost|p1a: Grimmsnarl|atk|1\n|move|p1a: Grimmsnarl|Reflect|p1a: Grimmsnarl\n|-sidestart|p1: saltybae7|Reflect\n|\n|upkeep\n|turn|21\n|\n|t:|1711947083\n|switch|p1a: Gliscor|Gliscor, F|68\/100 tox\n|move|p2a: Landorus|Taunt|p1a: Gliscor\n|-start|p1a: Gliscor|move: Taunt\n|\n|-heal|p1a: Gliscor|81\/100 tox|[from] ability: Poison Heal\n|upkeep\n|turn|22\n|\n|t:|1711947087\n|move|p2a: Landorus|Stealth Rock|p1a: Gliscor\n|-sidestart|p1: saltybae7|move: Stealth Rock\n|move|p1a: Gliscor|Rock Tomb|p2a: Landorus\n|-damage|p2a: Landorus|88\/100\n|-unboost|p2a: Landorus|spe|1\n|\n|-heal|p1a: Gliscor|93\/100 tox|[from] ability: Poison Heal\n|upkeep\n|turn|23\n|\n|t:|1711947094\n|switch|p1a: Espeon|Espeon, M|57\/100\n|-damage|p1a: Espeon|45\/100|[from] Stealth Rock\n|switch|p2a: Ogerpon|Ogerpon-Wellspring, F|100\/100\n|\n|upkeep\n|turn|24\n|\n|t:|1711947102\n|move|p1a: Espeon|Psychic|p2a: Ogerpon\n|-damage|p2a: Ogerpon|28\/100\n|move|p2a: Ogerpon|Ivy Cudgel|p1a: Espeon|[anim] Ivy Cudgel Water\n|-damage|p1a: Espeon|0 fnt\n|faint|p1a: Espeon\n|\n|upkeep\n|\n|t:|1711947107\n|switch|p1a: Serperior|Serperior, F, shiny|100\/100\n|-damage|p1a: Serperior|88\/100|[from] Stealth Rock\n|turn|25\n|\n|t:|1711947109\n|switch|p2a: Skeledirge|Skeledirge, F|100\/100\n|move|p1a: Serperior|Glare|p2a: Skeledirge\n|-status|p2a: Skeledirge|par\n|\n|-heal|p1a: Serperior|94\/100|[from] item: Leftovers\n|-sideend|p1: saltybae7|move: Light Screen\n|upkeep\n|turn|26\n|\n|t:|1711947114\n|switch|p1a: Gliscor|Gliscor, F|93\/100 tox\n|-damage|p1a: Gliscor|81\/100 tox|[from] Stealth Rock\n|cant|p2a: Skeledirge|par\n|\n|-heal|p1a: Gliscor|93\/100 tox|[from] ability: Poison Heal\n|upkeep\n|turn|27\n|\n|t:|1711947121\n|move|p1a: Gliscor|Earthquake|p2a: Skeledirge\n|-supereffective|p2a: Skeledirge\n|-damage|p2a: Skeledirge|46\/100 par\n|move|p2a: Skeledirge|Torch Song|p1a: Gliscor\n|-damage|p1a: Gliscor|61\/100 tox\n|-boost|p2a: Skeledirge|spa|1\n|\n|-heal|p1a: Gliscor|73\/100 tox|[from] ability: Poison Heal\n|-sideend|p1: saltybae7|Reflect\n|upkeep\n|turn|28\n|\n|t:|1711947127\n|-terastallize|p2a: Skeledirge|Fairy\n|move|p1a: Gliscor|Earthquake|p2a: Skeledirge\n|-damage|p2a: Skeledirge|20\/100 par\n|cant|p2a: Skeledirge|par\n|\n|-heal|p1a: Gliscor|85\/100 tox|[from] ability: Poison Heal\n|upkeep\n|turn|29\n|-message|worms deluxe forfeited.\n|\n|win|saltybae7\n|raw|saltybae7's rating: 1363 &rarr; <strong>1386<\/strong><br \/>(+23 for winning)\n|raw|worms deluxe's rating: 1418 &rarr; <strong>1395<\/strong><br \/>(-23 for losing)\n|l|\u2606worms deluxe\n|player|p2|\n|l|\u2606saltybae7\n|player|p1|\n","uploadtime":1711947311,"views":0,"formatid":"gen9ou","rating":1386,"private":0,"password":null}