|j|☆dmac99
|j|☆dct1 spring
|t:|1711946719
|gametype|singles
|player|p1|dmac99|266|1628
|player|p2|dct1 spring|170|1578
|teamsize|p1|6
|teamsize|p2|6
|gen|9
|tier|[Gen 9] OU
|rated|
|rule|Species Clause: Limit one of each Pokémon
|rule|OHKO Clause: OHKO moves are banned
|rule|Evasion Items Clause: Evasion items are banned
|rule|Evasion Moves Clause: Evasion moves are banned
|rule|Endless Battle Clause: Forcing endless battles is banned
|rule|HP Percentage Mod: HP is shown in percentages
|rule|Sleep Moves Clause: Sleep-inducing moves are banned
|clearpoke
|poke|p1|Zamazenta-*|
|poke|p1|Weavile, F|
|poke|p1|Volcanion|
|poke|p1|Ting-Lu|
|poke|p1|Corviknight, F|
|poke|p1|Clefable, F|
|poke|p2|Dragapult, M|
|poke|p2|Primarina, M|
|poke|p2|Iron Crown|
|poke|p2|Samurott-Hisui, M|
|poke|p2|Kingambit, M|
|poke|p2|Landorus-Therian, M|
|teampreview
|inactive|Battle timer is ON: inactive players will automatically lose when time's up. (requested by dct1 spring)
|
|t:|1711946733
|start
|switch|p1a: Little Disciple|Clefable, F|100/100
|switch|p2a: Dragapult|Dragapult, M|100/100
|turn|1
|
|t:|1711946746
|move|p2a: Dragapult|U-turn|p1a: Little Disciple
|-resisted|p1a: Little Disciple
|-damage|p1a: Little Disciple|82/100
|
|t:|1711946748
|switch|p2a: Iron Crown|Iron Crown|100/100|[from] U-turn
|move|p1a: Little Disciple|Moonblast|p2a: Iron Crown
|-resisted|p2a: Iron Crown
|-damage|p2a: Iron Crown|90/100
|
|-heal|p1a: Little Disciple|88/100|[from] item: Leftovers
|upkeep
|turn|2
|
|t:|1711946751
|switch|p1a: Mired Urn|Ting-Lu|100/100
|-ability|p1a: Mired Urn|Vessel of Ruin
|move|p2a: Iron Crown|Future Sight|p1a: Mired Urn
|-start|p2a: Iron Crown|move: Future Sight
|
|upkeep
|turn|3
|
|t:|1711946769
|-end|p2a: Iron Crown|Quark Drive|[silent]
|switch|p2a: Samurott|Samurott-Hisui, M|100/100
|move|p1a: Mired Urn|Spikes|p2a: Samurott
|-sidestart|p2: dct1 spring|Spikes
|
|upkeep
|turn|4
|
|t:|1711946776
|switch|p1a: Little Disciple|Clefable, F|88/100
|move|p2a: Samurott|Knock Off|p1a: Little Disciple
|-resisted|p1a: Little Disciple
|-damage|p1a: Little Disciple|62/100
|-enditem|p1a: Little Disciple|Leftovers|[from] move: Knock Off|[of] p2a: Samurott
|
|-end|p1a: Little Disciple|move: Future Sight
|-damage|p1a: Little Disciple|25/100
|upkeep
|turn|5
|
|t:|1711946786
|move|p2a: Samurott|Ceaseless Edge|p1a: Little Disciple
|-resisted|p1a: Little Disciple
|-damage|p1a: Little Disciple|2/100
|-sidestart|p1: dmac99|Spikes
|move|p1a: Little Disciple|Moonlight|p1a: Little Disciple
|-heal|p1a: Little Disciple|52/100
|
|upkeep
|turn|6
|
|t:|1711946789
|move|p2a: Samurott|Encore|p1a: Little Disciple
|-start|p1a: Little Disciple|Encore
|move|p1a: Little Disciple|Moonlight|p1a: Little Disciple
|-heal|p1a: Little Disciple|100/100
|
|upkeep
|turn|7
|
|t:|1711946794
|switch|p1a: Tougher Times|Zamazenta|100/100
|-damage|p1a: Tougher Times|88/100|[from] Spikes
|-ability|p1a: Tougher Times|Dauntless Shield|boost
|-boost|p1a: Tougher Times|def|1
|move|p2a: Samurott|Ceaseless Edge|p1a: Tougher Times|[miss]
|-miss|p2a: Samurott|p1a: Tougher Times
|
|-heal|p1a: Tougher Times|94/100|[from] item: Leftovers
|upkeep
|turn|8
|
|t:|1711946811
|switch|p2a: Landorus|Landorus-Therian, M|100/100
|-ability|p2a: Landorus|Intimidate|boost
|-unboost|p1a: Tougher Times|atk|1
|move|p1a: Tougher Times|Body Press|p2a: Landorus
|-resisted|p2a: Landorus
|-damage|p2a: Landorus|80/100
|-damage|p1a: Tougher Times|78/100|[from] item: Rocky Helmet|[of] p2a: Landorus
|
|-heal|p1a: Tougher Times|84/100|[from] item: Leftovers
|upkeep
|turn|9
|
|t:|1711946822
|switch|p1a: Safer Spaces|Corviknight, F, shiny|100/100
|-ability|p1a: Safer Spaces|Pressure
|move|p2a: Landorus|Stealth Rock|p1a: Safer Spaces
|-sidestart|p1: dmac99|move: Stealth Rock
|
|upkeep
|turn|10
|inactive|dct1 spring has 120 seconds left.
|
|t:|1711946853
|switch|p2a: Primarina|Primarina, M|100/100
|move|p1a: Safer Spaces|Defog|p2a: Primarina
|-unboost|p2a: Primarina|evasion|1
|-sideend|p2: dct1 spring|Spikes|[from] move: Defog|[of] p1a: Safer Spaces
|-sideend|p1: dmac99|Spikes|[from] move: Defog|[of] p1a: Safer Spaces
|-sideend|p1: dmac99|Stealth Rock|[from] move: Defog|[of] p1a: Safer Spaces
|
|upkeep
|turn|11
|inactive|dmac99 has 120 seconds left.
|
|t:|1711946888
|switch|p2a: Iron Crown|Iron Crown|90/100
|switch|p1a: Shattering Justice|Volcanion|100/100
|
|upkeep
|turn|12
|
|t:|1711946892
|move|p2a: Iron Crown|Future Sight|p1a: Shattering Justice
|-start|p2a: Iron Crown|move: Future Sight
|move|p1a: Shattering Justice|Fire Spin|p2a: Iron Crown
|-supereffective|p2a: Iron Crown
|-damage|p2a: Iron Crown|60/100
|-activate|p2a: Iron Crown|move: Fire Spin|[of] p1a: Shattering Justice
|
|-damage|p2a: Iron Crown|48/100|[from] move: Fire Spin|[partiallytrapped]
|upkeep
|turn|13
|
|t:|1711946897
|move|p2a: Iron Crown|Volt Switch|p1a: Shattering Justice
|-supereffective|p1a: Shattering Justice
|-damage|p1a: Shattering Justice|46/100
|
|t:|1711946901
|-end|p2a: Iron Crown|Quark Drive|[silent]
|switch|p2a: Primarina|Primarina, M|100/100|[from] Volt Switch
|move|p1a: Shattering Justice|Steam Eruption|p2a: Primarina
|-resisted|p2a: Primarina
|-damage|p2a: Primarina|75/100
|
|upkeep
|turn|14
|
|t:|1711946907
|switch|p1a: Little Disciple|Clefable, F|100/100
|move|p2a: Primarina|Moonblast|p1a: Little Disciple
|-damage|p1a: Little Disciple|70/100
|
|-end|p1a: Little Disciple|move: Future Sight
|-damage|p1a: Little Disciple|31/100
|upkeep
|turn|15
|
|t:|1711946910
|move|p2a: Primarina|Moonblast|p1a: Little Disciple
|-damage|p1a: Little Disciple|0 fnt
|faint|p1a: Little Disciple
|
|upkeep
|
|t:|1711946917
|switch|p1a: Shattering Justice|Volcanion|46/100
|turn|16
|
|t:|1711946939
|move|p1a: Shattering Justice|Earth Power|p2a: Primarina
|-damage|p2a: Primarina|47/100
|move|p2a: Primarina|Psychic Noise|p1a: Shattering Justice
|-damage|p1a: Shattering Justice|16/100
|-start|p1a: Shattering Justice|move: Heal Block
|
|upkeep
|turn|17
|j| POORS ARE POOR 3
|
|t:|1711946965
|move|p1a: Shattering Justice|Earth Power|p2a: Primarina
|-crit|p2a: Primarina
|-damage|p2a: Primarina|4/100
|move|p2a: Primarina|Psychic Noise|p1a: Shattering Justice
|-damage|p1a: Shattering Justice|0 fnt
|faint|p1a: Shattering Justice
|
|upkeep
|
|t:|1711946968
|switch|p1a: Her Biting Embrace|Weavile, F|100/100
|-ability|p1a: Her Biting Embrace|Pressure
|turn|18
|
|t:|1711946993
|move|p1a: Her Biting Embrace|Knock Off|p2a: Primarina
|-resisted|p2a: Primarina
|-damage|p2a: Primarina|0 fnt
|-enditem|p2a: Primarina|Heavy-Duty Boots|[from] move: Knock Off|[of] p1a: Her Biting Embrace
|faint|p2a: Primarina
|
|upkeep
|
|t:|1711946995
|switch|p2a: Dragapult|Dragapult, M|100/100
|turn|19
|
|t:|1711946999
|switch|p1a: Mired Urn|Ting-Lu|100/100
|-ability|p1a: Mired Urn|Vessel of Ruin
|move|p2a: Dragapult|U-turn|p1a: Mired Urn
|-supereffective|p1a: Mired Urn
|-damage|p1a: Mired Urn|62/100
|l| POORS ARE POOR 3
|
|t:|1711947015
|switch|p2a: Samurott|Samurott-Hisui, M|100/100|[from] U-turn
|
|-heal|p1a: Mired Urn|68/100|[from] item: Leftovers
|upkeep
|turn|20
|
|t:|1711947021
|switch|p1a: Safer Spaces|Corviknight, F, shiny|100/100
|-ability|p1a: Safer Spaces|Pressure
|move|p2a: Samurott|Razor Shell|p1a: Safer Spaces
|-damage|p1a: Safer Spaces|70/100
|-unboost|p1a: Safer Spaces|def|1
|-damage|p2a: Samurott|84/100|[from] item: Rocky Helmet|[of] p1a: Safer Spaces
|
|upkeep
|turn|21
|
|t:|1711947028
|switch|p1a: Tougher Times|Zamazenta|84/100
|move|p2a: Samurott|Ceaseless Edge|p1a: Tougher Times
|-resisted|p1a: Tougher Times
|-damage|p1a: Tougher Times|69/100
|-sidestart|p1: dmac99|Spikes
|
|-heal|p1a: Tougher Times|75/100|[from] item: Leftovers
|upkeep
|turn|22
|
|t:|1711947032
|switch|p2a: Landorus|Landorus-Therian, M|80/100
|-ability|p2a: Landorus|Intimidate|boost
|-unboost|p1a: Tougher Times|atk|1
|move|p1a: Tougher Times|Body Press|p2a: Landorus
|-resisted|p2a: Landorus
|-damage|p2a: Landorus|66/100
|-damage|p1a: Tougher Times|59/100|[from] item: Rocky Helmet|[of] p2a: Landorus
|
|-heal|p1a: Tougher Times|65/100|[from] item: Leftovers
|upkeep
|turn|23
|
|t:|1711947045
|switch|p1a: Safer Spaces|Corviknight, F, shiny|70/100
|-ability|p1a: Safer Spaces|Pressure
|move|p2a: Landorus|Stealth Rock|p1a: Safer Spaces
|-sidestart|p1: dmac99|move: Stealth Rock
|
|upkeep
|turn|24
|
|t:|1711947051
|switch|p2a: Samurott|Samurott-Hisui, M|84/100
|move|p1a: Safer Spaces|Defog|p2a: Samurott
|-unboost|p2a: Samurott|evasion|1
|-sideend|p1: dmac99|Spikes|[from] move: Defog|[of] p1a: Safer Spaces
|-sideend|p1: dmac99|Stealth Rock|[from] move: Defog|[of] p1a: Safer Spaces
|
|upkeep
|turn|25
|
|t:|1711947054
|switch|p1a: Tougher Times|Zamazenta|65/100
|move|p2a: Samurott|Knock Off|p1a: Tougher Times
|-resisted|p1a: Tougher Times
|-damage|p1a: Tougher Times|49/100
|-enditem|p1a: Tougher Times|Leftovers|[from] move: Knock Off|[of] p2a: Samurott
|
|upkeep
|turn|26
|
|t:|1711947058
|switch|p2a: Landorus|Landorus-Therian, M|66/100
|-ability|p2a: Landorus|Intimidate|boost
|-unboost|p1a: Tougher Times|atk|1
|move|p1a: Tougher Times|Crunch|p2a: Landorus
|-damage|p2a: Landorus|56/100
|-damage|p1a: Tougher Times|33/100|[from] item: Rocky Helmet|[of] p2a: Landorus
|
|upkeep
|turn|27
|
|t:|1711947068
|move|p1a: Tougher Times|Body Press|p2a: Landorus
|-resisted|p2a: Landorus
|-damage|p2a: Landorus|43/100
|-damage|p1a: Tougher Times|16/100|[from] item: Rocky Helmet|[of] p2a: Landorus
|move|p2a: Landorus|Stealth Rock|p1a: Tougher Times
|-sidestart|p1: dmac99|move: Stealth Rock
|
|upkeep
|turn|28
|
|t:|1711947080
|move|p2a: Landorus|U-turn|p1a: Tougher Times
|-resisted|p1a: Tougher Times
|-damage|p1a: Tougher Times|10/100
|
|t:|1711947083
|switch|p2a: Samurott|Samurott-Hisui, M|84/100|[from] U-turn
|move|p1a: Tougher Times|Roar|p2a: Samurott
|drag|p2a: Dragapult|Dragapult, M|100/100
|
|upkeep
|turn|29
|
|t:|1711947087
|move|p2a: Dragapult|U-turn|p1a: Tougher Times
|-resisted|p1a: Tougher Times
|-damage|p1a: Tougher Times|0 fnt
|faint|p1a: Tougher Times
|
|t:|1711947091
|switch|p2a: Samurott|Samurott-Hisui, M|84/100|[from] U-turn
|
|upkeep
|
|t:|1711947102
|switch|p1a: Safer Spaces|Corviknight, F, shiny|70/100
|-damage|p1a: Safer Spaces|58/100|[from] Stealth Rock
|-ability|p1a: Safer Spaces|Pressure
|turn|30
|
|t:|1711947110
|move|p2a: Samurott|Knock Off|p1a: Safer Spaces
|-damage|p1a: Safer Spaces|29/100
|-damage|p2a: Samurott|67/100|[from] item: Rocky Helmet|[of] p1a: Safer Spaces
|-enditem|p1a: Safer Spaces|Rocky Helmet|[from] move: Knock Off|[of] p2a: Samurott
|move|p1a: Safer Spaces|Body Press|p2a: Samurott
|-supereffective|p2a: Samurott
|-damage|p2a: Samurott|0 fnt
|faint|p2a: Samurott
|
|upkeep
|
|t:|1711947116
|switch|p2a: Dragapult|Dragapult, M|100/100
|turn|31
|
|t:|1711947120
|-terastallize|p2a: Dragapult|Ghost
|move|p2a: Dragapult|Tera Blast|p1a: Safer Spaces|[anim] Tera Blast Ghost
|-damage|p1a: Safer Spaces|0 fnt
|faint|p1a: Safer Spaces
|
|upkeep
|
|t:|1711947124
|switch|p1a: Her Biting Embrace|Weavile, F|100/100
|-ability|p1a: Her Biting Embrace|Pressure
|turn|32
|
|t:|1711947127
|switch|p2a: Landorus|Landorus-Therian, M|43/100
|-ability|p2a: Landorus|Intimidate|boost
|-unboost|p1a: Her Biting Embrace|atk|1
|move|p1a: Her Biting Embrace|Swords Dance|p1a: Her Biting Embrace
|-boost|p1a: Her Biting Embrace|atk|2
|
|upkeep
|turn|33
|
|t:|1711947131
|move|p1a: Her Biting Embrace|Triple Axel|p2a: Landorus
|-supereffective|p2a: Landorus
|-damage|p2a: Landorus|5/100
|-damage|p1a: Her Biting Embrace|84/100|[from] item: Rocky Helmet|[of] p2a: Landorus
|-supereffective|p2a: Landorus
|-damage|p2a: Landorus|0 fnt
|-damage|p1a: Her Biting Embrace|68/100|[from] item: Rocky Helmet|[of] p2a: Landorus
|faint|p2a: Landorus
|-hitcount|p2: Landorus|2
|
|upkeep
|
|t:|1711947136
|switch|p2a: Dragapult|Dragapult, M, tera:Ghost|100/100
|turn|34
|
|t:|1711947145
|switch|p1a: Mired Urn|Ting-Lu|68/100
|-damage|p1a: Mired Urn|62/100|[from] Stealth Rock
|-ability|p1a: Mired Urn|Vessel of Ruin
|move|p2a: Dragapult|Dragon Darts|p1a: Mired Urn
|-damage|p1a: Mired Urn|41/100
|-anim|p2a: Dragapult|Dragon Darts|p1a: Mired Urn
|-damage|p1a: Mired Urn|22/100
|
|-heal|p1a: Mired Urn|28/100|[from] item: Leftovers
|upkeep
|turn|35
|
|t:|1711947150
|move|p2a: Dragapult|Dragon Darts|p1a: Mired Urn
|-damage|p1a: Mired Urn|9/100
|-anim|p2a: Dragapult|Dragon Darts|p1a: Mired Urn
|-damage|p1a: Mired Urn|0 fnt
|faint|p1a: Mired Urn
|
|upkeep
|
|t:|1711947151
|switch|p1a: Her Biting Embrace|Weavile, F|68/100
|-ability|p1a: Her Biting Embrace|Pressure
|turn|36
|
|t:|1711947166
|-terastallize|p1a: Her Biting Embrace|Ice
|move|p2a: Dragapult|Dragon Darts|p1a: Her Biting Embrace
|-crit|p1a: Her Biting Embrace
|-damage|p1a: Her Biting Embrace|0 fnt
|faint|p1a: Her Biting Embrace
|
|win|dct1 spring
|raw|dmac99's rating: 1628 &rarr; <strong>1607</strong><br />(-21 for losing)
|raw|dct1 spring's rating: 1604 &rarr; <strong>1625</strong><br />(+21 for winning)
|l|☆dct1 spring
|player|p2|
|l|☆dmac99
|player|p1|
