{"id":"gen9ou-2093375088","format":"[Gen 9] OU","players":["trogrochibreux","PokemonGogetaSS4"],"log":"|j|\u203dtrogrochibreux\n|j|\u2606PokemonGogetaSS4\n|t:|1711946793\n|gametype|singles\n|player|p1|trogrochibreux|skyla|1627\n|player|p2|PokemonGogetaSS4|lucas|1606\n|teamsize|p1|6\n|teamsize|p2|6\n|gen|9\n|tier|[Gen 9] OU\n|rated|\n|rule|Species Clause: Limit one of each Pok\u00e9mon\n|rule|OHKO Clause: OHKO moves are banned\n|rule|Evasion Items Clause: Evasion items are banned\n|rule|Evasion Moves Clause: Evasion moves are banned\n|rule|Endless Battle Clause: Forcing endless battles is banned\n|rule|HP Percentage Mod: HP is shown in percentages\n|rule|Sleep Moves Clause: Sleep-inducing moves are banned\n|clearpoke\n|poke|p1|Cinderace, F|\n|poke|p1|Kingambit, M|\n|poke|p1|Dragapult, F|\n|poke|p1|Enamorus, F|\n|poke|p1|Zamazenta-*|\n|poke|p1|Latias, F|\n|poke|p2|Glimmora, F|\n|poke|p2|Iron Valiant|\n|poke|p2|Roaring Moon|\n|poke|p2|Pecharunt|\n|poke|p2|Enamorus, F|\n|poke|p2|Kingambit, M|\n|teampreview\n|inactive|Battle timer is ON: inactive players will automatically lose when time's up. (requested by PokemonGogetaSS4)\n|inactive|trogrochibreux also wants the timer to be on.\n|\n|t:|1711946806\n|start\n|switch|p1a: Dragapult|Dragapult, F|100\/100\n|switch|p2a: Glimmora|Glimmora, F|100\/100\n|turn|1\n|\n|t:|1711946810\n|move|p1a: Dragapult|Shadow Ball|p2a: Glimmora\n|-damage|p2a: Glimmora|33\/100\n|move|p2a: Glimmora|Mud Shot|p1a: Dragapult\n|-damage|p1a: Dragapult|75\/100\n|-unboost|p1a: Dragapult|spe|1\n|\n|upkeep\n|turn|2\n|\n|t:|1711946821\n|move|p2a: Glimmora|Stealth Rock|p1a: Dragapult\n|-sidestart|p1: trogrochibreux|move: Stealth Rock\n|move|p1a: Dragapult|Shadow Ball|p2a: Glimmora\n|-damage|p2a: Glimmora|0 fnt\n|faint|p2a: Glimmora\n|\n|upkeep\n|\n|t:|1711946826\n|switch|p2a: Roaring Moon|Roaring Moon|100\/100\n|-enditem|p2a: Roaring Moon|Booster Energy\n|-activate|p2a: Roaring Moon|ability: Protosynthesis|[fromitem]\n|-start|p2a: Roaring Moon|protosynthesisatk\n|turn|3\n|\n|t:|1711946834\n|switch|p1a: Zamazenta|Zamazenta|100\/100\n|-damage|p1a: Zamazenta|94\/100|[from] Stealth Rock\n|-ability|p1a: Zamazenta|Dauntless Shield|boost\n|-boost|p1a: Zamazenta|def|1\n|move|p2a: Roaring Moon|Dragon Dance|p2a: Roaring Moon\n|-boost|p2a: Roaring Moon|atk|1\n|-boost|p2a: Roaring Moon|spe|1\n|\n|-heal|p1a: Zamazenta|100\/100|[from] item: Leftovers\n|upkeep\n|turn|4\n|\n|t:|1711946840\n|-terastallize|p2a: Roaring Moon|Flying\n|move|p2a: Roaring Moon|Knock Off|p1a: Zamazenta\n|-resisted|p1a: Zamazenta\n|-damage|p1a: Zamazenta|74\/100\n|-enditem|p1a: Zamazenta|Leftovers|[from] move: Knock Off|[of] p2a: Roaring Moon\n|move|p1a: Zamazenta|Body Press|p2a: Roaring Moon\n|-resisted|p2a: Roaring Moon\n|-damage|p2a: Roaring Moon|71\/100\n|\n|upkeep\n|turn|5\n|\n|t:|1711946855\n|move|p2a: Roaring Moon|Acrobatics|p1a: Zamazenta\n|-supereffective|p1a: Zamazenta\n|-damage|p1a: Zamazenta|0 fnt\n|faint|p1a: Zamazenta\n|\n|upkeep\n|\n|t:|1711946871\n|switch|p1a: Kingambit|Kingambit, M|100\/100\n|-damage|p1a: Kingambit|94\/100|[from] Stealth Rock\n|-activate|p1a: Kingambit|ability: Supreme Overlord\n|-start|p1a: Kingambit|fallen1|[silent]\n|turn|6\n|\n|t:|1711946875\n|-terastallize|p1a: Kingambit|Dark\n|move|p1a: Kingambit|Sucker Punch|p2a: Roaring Moon\n|-damage|p2a: Roaring Moon|0 fnt\n|faint|p2a: Roaring Moon\n|-end|p2a: Roaring Moon|Protosynthesis|[silent]\n|\n|-heal|p1a: Kingambit|100\/100|[from] item: Leftovers\n|upkeep\n|\n|t:|1711946880\n|switch|p2a: Enamorus|Enamorus, F|100\/100\n|turn|7\n|\n|t:|1711946885\n|move|p2a: Enamorus|Moonblast|p1a: Kingambit\n|-supereffective|p1a: Kingambit\n|-damage|p1a: Kingambit|0 fnt\n|faint|p1a: Kingambit\n|-end|p1a: Kingambit|fallen1|[silent]\n|\n|upkeep\n|\n|t:|1711946895\n|switch|p1a: Cinderace|Cinderace, F|100\/100\n|turn|8\n|\n|t:|1711946902\n|switch|p2a: Pecharunt|Pecharunt|100\/100\n|move|p1a: Cinderace|Pyro Ball|p2a: Pecharunt\n|-damage|p2a: Pecharunt|59\/100\n|\n|upkeep\n|turn|9\n|\n|t:|1711946912\n|move|p1a: Cinderace|Pyro Ball|p2a: Pecharunt\n|-damage|p2a: Pecharunt|20\/100\n|move|p2a: Pecharunt|Malignant Chain|p1a: Cinderace\n|-damage|p1a: Cinderace|47\/100\n|\n|upkeep\n|turn|10\n|\n|t:|1711946918\n|move|p1a: Cinderace|Pyro Ball|p2a: Pecharunt\n|-damage|p2a: Pecharunt|0 fnt\n|faint|p2a: Pecharunt\n|\n|upkeep\n|\n|t:|1711946921\n|switch|p2a: Iron Valiant|Iron Valiant|100\/100\n|-enditem|p2a: Iron Valiant|Booster Energy\n|-activate|p2a: Iron Valiant|ability: Quark Drive|[fromitem]\n|-start|p2a: Iron Valiant|quarkdrivespe\n|turn|11\n|\n|t:|1711946928\n|move|p2a: Iron Valiant|Swords Dance|p2a: Iron Valiant\n|-boost|p2a: Iron Valiant|atk|2\n|move|p1a: Cinderace|Court Change|p1a: Cinderace\n|-start|p1a: Cinderace|typechange|Normal|[from] ability: Libero\n|-swapsideconditions\n|-activate|p1a: Cinderace|move: Court Change\n|\n|upkeep\n|turn|12\n|\n|t:|1711946932\n|move|p2a: Iron Valiant|Knock Off|p1a: Cinderace\n|-damage|p1a: Cinderace|0 fnt\n|-enditem|p1a: Cinderace|Heavy-Duty Boots|[from] move: Knock Off|[of] p2a: Iron Valiant\n|faint|p1a: Cinderace\n|\n|upkeep\n|\n|t:|1711946935\n|switch|p1a: Enamorus|Enamorus, F|100\/100\n|turn|13\n|\n|t:|1711946938\n|move|p2a: Iron Valiant|Moonblast|p1a: Enamorus\n|-damage|p1a: Enamorus|40\/100\n|move|p1a: Enamorus|Moonblast|p2a: Iron Valiant\n|-supereffective|p2a: Iron Valiant\n|-damage|p2a: Iron Valiant|0 fnt\n|faint|p2a: Iron Valiant\n|-end|p2a: Iron Valiant|Quark Drive|[silent]\n|\n|upkeep\n|\n|t:|1711946945\n|switch|p2a: Enamorus|Enamorus, F|100\/100\n|-damage|p2a: Enamorus|76\/100|[from] Stealth Rock\n|turn|14\n|\n|t:|1711946947\n|move|p1a: Enamorus|Moonblast|p2a: Enamorus\n|-damage|p2a: Enamorus|7\/100\n|move|p2a: Enamorus|Moonblast|p1a: Enamorus\n|-crit|p1a: Enamorus\n|-damage|p1a: Enamorus|0 fnt\n|faint|p1a: Enamorus\n|\n|-heal|p2a: Enamorus|13\/100|[from] item: Leftovers\n|upkeep\n|\n|t:|1711946956\n|switch|p1a: Dragapult|Dragapult, F|75\/100\n|turn|15\n|\n|t:|1711946960\n|move|p1a: Dragapult|Fire Blast|p2a: Enamorus\n|-damage|p2a: Enamorus|0 fnt\n|faint|p2a: Enamorus\n|\n|upkeep\n|\n|t:|1711946963\n|switch|p2a: Kingambit|Kingambit, M|100\/100\n|-damage|p2a: Kingambit|94\/100|[from] Stealth Rock\n|-activate|p2a: Kingambit|ability: Supreme Overlord\n|-start|p2a: Kingambit|fallen5|[silent]\n|turn|16\n|\n|t:|1711946966\n|move|p2a: Kingambit|Sucker Punch|p1a: Dragapult\n|-supereffective|p1a: Dragapult\n|-damage|p1a: Dragapult|0 fnt\n|faint|p1a: Dragapult\n|\n|upkeep\n|\n|t:|1711946969\n|switch|p1a: Latias|Latias, F|100\/100\n|turn|17\n|\n|t:|1711946974\n|move|p2a: Kingambit|Sucker Punch||[still]\n|-fail|p2a: Kingambit\n|move|p1a: Latias|Calm Mind|p1a: Latias\n|-boost|p1a: Latias|spa|1\n|-boost|p1a: Latias|spd|1\n|\n|upkeep\n|turn|18\n|\n|t:|1711946979\n|move|p2a: Kingambit|Sucker Punch|p1a: Latias\n|-supereffective|p1a: Latias\n|-damage|p1a: Latias|16\/100\n|move|p1a: Latias|Thunderbolt|p2a: Kingambit\n|-damage|p2a: Kingambit|55\/100\n|\n|-heal|p1a: Latias|22\/100|[from] item: Leftovers\n|upkeep\n|turn|19\n|\n|t:|1711946985\n|move|p1a: Latias|Recover|p1a: Latias\n|-heal|p1a: Latias|72\/100\n|move|p2a: Kingambit|Iron Head|p1a: Latias\n|-damage|p1a: Latias|18\/100\n|\n|-heal|p1a: Latias|24\/100|[from] item: Leftovers\n|upkeep\n|turn|20\n|\n|t:|1711946991\n|move|p1a: Latias|Recover|p1a: Latias\n|-heal|p1a: Latias|74\/100\n|move|p2a: Kingambit|Iron Head|p1a: Latias\n|-crit|p1a: Latias\n|-damage|p1a: Latias|0 fnt\n|faint|p1a: Latias\n|\n|win|PokemonGogetaSS4\n|raw|trogrochibreux's rating: 1627 &rarr; <strong>1606<\/strong><br \/>(-21 for losing)\n|raw|PokemonGogetaSS4's rating: 1606 &rarr; <strong>1627<\/strong><br \/>(+21 for winning)\n|l|\u203dtrogrochibreux\n|player|p1|\n|l|\u2606PokemonGogetaSS4\n|player|p2|\n","uploadtime":1711947176,"views":1,"formatid":"gen9ou","rating":1606,"private":0,"password":null}