{"id":"gen9ou-2093374844","format":"[Gen 9] OU","players":["Uranicrey","Boss Sprocket"],"log":"|j|\u2606Uranicrey\n|j|\u2606Boss Sprocket\n|t:|1711946757\n|gametype|singles\n|player|p1|Uranicrey|2|1632\n|player|p2|Boss Sprocket|giovanni-gen1rb|1579\n|teamsize|p1|6\n|teamsize|p2|6\n|gen|9\n|tier|[Gen 9] OU\n|rated|\n|rule|Species Clause: Limit one of each Pok\u00e9mon\n|rule|OHKO Clause: OHKO moves are banned\n|rule|Evasion Items Clause: Evasion items are banned\n|rule|Evasion Moves Clause: Evasion moves are banned\n|rule|Endless Battle Clause: Forcing endless battles is banned\n|rule|HP Percentage Mod: HP is shown in percentages\n|rule|Sleep Moves Clause: Sleep-inducing moves are banned\n|clearpoke\n|poke|p1|Iron Valiant|\n|poke|p1|Roaring Moon|\n|poke|p1|Zamazenta-*|\n|poke|p1|Iron Moth|\n|poke|p1|Raging Bolt|\n|poke|p1|Samurott-Hisui, F|\n|poke|p2|Gyarados, F|\n|poke|p2|Conkeldurr, M|\n|poke|p2|Garchomp, M|\n|poke|p2|Klefki, F|\n|poke|p2|Dragonite, F|\n|poke|p2|Iron Moth|\n|teampreview\n|inactive|Battle timer is ON: inactive players will automatically lose when time's up. (requested by Uranicrey)\n|\n|t:|1711946769\n|start\n|switch|p1a: Iron Moth|Iron Moth|100\/100\n|switch|p2a: Where My Keys?|Klefki, F|100\/100\n|-enditem|p1a: Iron Moth|Booster Energy\n|-activate|p1a: Iron Moth|ability: Quark Drive|[fromitem]\n|-start|p1a: Iron Moth|quarkdrivespa\n|turn|1\n|\n|t:|1711946774\n|move|p2a: Where My Keys?|Rain Dance|p2a: Where My Keys?\n|-weather|RainDance\n|move|p1a: Iron Moth|Agility|p1a: Iron Moth\n|-boost|p1a: Iron Moth|spe|2\n|\n|-weather|RainDance|[upkeep]\n|upkeep\n|turn|2\n|\n|t:|1711946778\n|move|p2a: Where My Keys?|Thunder Wave|p1a: Iron Moth\n|-status|p1a: Iron Moth|par\n|move|p1a: Iron Moth|Fiery Dance|p2a: Where My Keys?\n|-supereffective|p2a: Where My Keys?\n|-damage|p2a: Where My Keys?|45\/100\n|\n|-weather|RainDance|[upkeep]\n|upkeep\n|turn|3\n|\n|t:|1711946784\n|move|p2a: Where My Keys?|Light Screen|p2a: Where My Keys?\n|-sidestart|p2: Boss Sprocket|move: Light Screen\n|move|p1a: Iron Moth|Fiery Dance|p2a: Where My Keys?\n|-supereffective|p2a: Where My Keys?\n|-damage|p2a: Where My Keys?|18\/100\n|-boost|p1a: Iron Moth|spa|1\n|\n|-weather|RainDance|[upkeep]\n|upkeep\n|turn|4\n|\n|t:|1711946786\n|move|p2a: Where My Keys?|Reflect|p2a: Where My Keys?\n|-sidestart|p2: Boss Sprocket|Reflect\n|cant|p1a: Iron Moth|par\n|\n|-weather|RainDance|[upkeep]\n|upkeep\n|turn|5\n|\n|t:|1711946789\n|switch|p2a: Seadorus-Therian|Gyarados, F, shiny|100\/100\n|move|p1a: Iron Moth|Fiery Dance|p2a: Seadorus-Therian\n|-resisted|p2a: Seadorus-Therian\n|-damage|p2a: Seadorus-Therian|90\/100\n|-boost|p1a: Iron Moth|spa|1\n|\n|-weather|none\n|upkeep\n|turn|6\n|\n|t:|1711946796\n|move|p1a: Iron Moth|Sludge Wave|p2a: Seadorus-Therian\n|-damage|p2a: Seadorus-Therian|19\/100\n|move|p2a: Seadorus-Therian|Earthquake|p1a: Iron Moth\n|-supereffective|p1a: Iron Moth\n|-damage|p1a: Iron Moth|0 fnt\n|faint|p1a: Iron Moth\n|-end|p1a: Iron Moth|Quark Drive|[silent]\n|-ability|p2a: Seadorus-Therian|Moxie|boost\n|-boost|p2a: Seadorus-Therian|atk|1\n|\n|upkeep\n|\n|t:|1711946801\n|switch|p1a: Samurott|Samurott-Hisui, F|100\/100\n|turn|7\n|\n|t:|1711946803\n|switch|p2a: James Gandolfini|Garchomp, M|100\/100\n|move|p1a: Samurott|Ceaseless Edge|p2a: James Gandolfini\n|-damage|p2a: James Gandolfini|87\/100\n|-damage|p1a: Samurott|88\/100|[from] ability: Rough Skin|[of] p2a: James Gandolfini\n|-damage|p1a: Samurott|72\/100|[from] item: Rocky Helmet|[of] p2a: James Gandolfini\n|-sidestart|p2: Boss Sprocket|Spikes\n|\n|upkeep\n|turn|8\n|\n|t:|1711946807\n|move|p1a: Samurott|Ceaseless Edge|p2a: James Gandolfini\n|-damage|p2a: James Gandolfini|73\/100\n|-damage|p1a: Samurott|59\/100|[from] ability: Rough Skin|[of] p2a: James Gandolfini\n|-damage|p1a: Samurott|43\/100|[from] item: Rocky Helmet|[of] p2a: James Gandolfini\n|-sidestart|p2: Boss Sprocket|Spikes\n|move|p2a: James Gandolfini|Swords Dance|p2a: James Gandolfini\n|-boost|p2a: James Gandolfini|atk|2\n|\n|upkeep\n|turn|9\n|\n|t:|1711946814\n|switch|p1a: Iron Valiant|Iron Valiant|100\/100\n|-enditem|p1a: Iron Valiant|Booster Energy\n|-activate|p1a: Iron Valiant|ability: Quark Drive|[fromitem]\n|-start|p1a: Iron Valiant|quarkdrivespe\n|move|p2a: James Gandolfini|Earthquake|p1a: Iron Valiant\n|-damage|p1a: Iron Valiant|0 fnt\n|faint|p1a: Iron Valiant\n|-end|p1a: Iron Valiant|Quark Drive|[silent]\n|\n|upkeep\n|\n|t:|1711946824\n|switch|p1a: Roaring Moon|Roaring Moon|100\/100\n|-enditem|p1a: Roaring Moon|Booster Energy\n|-activate|p1a: Roaring Moon|ability: Protosynthesis|[fromitem]\n|-start|p1a: Roaring Moon|protosynthesisspe\n|turn|10\n|\n|t:|1711946837\n|-terastallize|p1a: Roaring Moon|Flying\n|move|p1a: Roaring Moon|Acrobatics|p2a: James Gandolfini\n|-damage|p2a: James Gandolfini|54\/100\n|-damage|p1a: Roaring Moon|88\/100|[from] ability: Rough Skin|[of] p2a: James Gandolfini\n|-damage|p1a: Roaring Moon|72\/100|[from] item: Rocky Helmet|[of] p2a: James Gandolfini\n|move|p2a: James Gandolfini|Stone Edge|p1a: Roaring Moon|[miss]\n|-miss|p2a: James Gandolfini|p1a: Roaring Moon\n|\n|-sideend|p2: Boss Sprocket|move: Light Screen\n|upkeep\n|turn|11\n|\n|t:|1711946846\n|move|p1a: Roaring Moon|Dragon Dance|p1a: Roaring Moon\n|-boost|p1a: Roaring Moon|atk|1\n|-boost|p1a: Roaring Moon|spe|1\n|move|p2a: James Gandolfini|Stone Edge|p1a: Roaring Moon|[miss]\n|-miss|p2a: James Gandolfini|p1a: Roaring Moon\n|\n|-sideend|p2: Boss Sprocket|Reflect\n|upkeep\n|turn|12\n|\n|t:|1711946850\n|move|p1a: Roaring Moon|Acrobatics|p2a: James Gandolfini\n|-damage|p2a: James Gandolfini|0 fnt\n|-damage|p1a: Roaring Moon|59\/100|[from] ability: Rough Skin|[of] p2a: James Gandolfini\n|-damage|p1a: Roaring Moon|43\/100|[from] item: Rocky Helmet|[of] p2a: James Gandolfini\n|faint|p2a: James Gandolfini\n|\n|upkeep\n|\n|t:|1711946855\n|switch|p2a: Where My Keys?|Klefki, F|18\/100\n|-damage|p2a: Where My Keys?|1\/100|[from] Spikes\n|turn|13\n|\n|t:|1711946864\n|move|p2a: Where My Keys?|Reflect|p2a: Where My Keys?\n|-sidestart|p2: Boss Sprocket|Reflect\n|move|p1a: Roaring Moon|Acrobatics|p2a: Where My Keys?\n|-resisted|p2a: Where My Keys?\n|-damage|p2a: Where My Keys?|0 fnt\n|faint|p2a: Where My Keys?\n|\n|upkeep\n|\n|t:|1711946873\n|switch|p2a: Mingus|Dragonite, F|100\/100\n|turn|14\n|\n|t:|1711946882\n|-terastallize|p2a: Mingus|Normal\n|move|p2a: Mingus|Extreme Speed|p1a: Roaring Moon\n|-damage|p1a: Roaring Moon|0 fnt\n|faint|p1a: Roaring Moon\n|-end|p1a: Roaring Moon|Protosynthesis|[silent]\n|\n|upkeep\n|\n|t:|1711946886\n|switch|p1a: Zamazenta|Zamazenta|100\/100\n|-ability|p1a: Zamazenta|Dauntless Shield|boost\n|-boost|p1a: Zamazenta|def|1\n|turn|15\n|\n|t:|1711946896\n|switch|p2a: Conkel Bad Dur Day|Conkeldurr, M|100\/100\n|-damage|p2a: Conkel Bad Dur Day|84\/100|[from] Spikes\n|move|p1a: Zamazenta|Iron Defense|p1a: Zamazenta\n|-boost|p1a: Zamazenta|def|2\n|\n|-status|p2a: Conkel Bad Dur Day|brn|[from] item: Flame Orb\n|upkeep\n|turn|16\n|\n|t:|1711946901\n|move|p1a: Zamazenta|Body Press|p2a: Conkel Bad Dur Day\n|-damage|p2a: Conkel Bad Dur Day|51\/100 brn\n|move|p2a: Conkel Bad Dur Day|Defog|p1a: Zamazenta\n|-unboost|p1a: Zamazenta|evasion|1\n|-sideend|p2: Boss Sprocket|Spikes|[from] move: Defog|[of] p2a: Conkel Bad Dur Day\n|\n|-damage|p2a: Conkel Bad Dur Day|46\/100 brn|[from] brn\n|upkeep\n|turn|17\n|\n|t:|1711946907\n|move|p1a: Zamazenta|Body Press|p2a: Conkel Bad Dur Day\n|-damage|p2a: Conkel Bad Dur Day|13\/100 brn\n|move|p2a: Conkel Bad Dur Day|Knock Off|p1a: Zamazenta\n|-resisted|p1a: Zamazenta\n|-damage|p1a: Zamazenta|92\/100\n|-enditem|p1a: Zamazenta|Leftovers|[from] move: Knock Off|[of] p2a: Conkel Bad Dur Day\n|\n|-damage|p2a: Conkel Bad Dur Day|7\/100 brn|[from] brn\n|upkeep\n|turn|18\n|\n|t:|1711946917\n|move|p1a: Zamazenta|Body Press|p2a: Conkel Bad Dur Day\n|-damage|p2a: Conkel Bad Dur Day|0 fnt\n|faint|p2a: Conkel Bad Dur Day\n|\n|upkeep\n|\n|t:|1711946919\n|switch|p2a: Iron Moth|Iron Moth|100\/100\n|-enditem|p2a: Iron Moth|Booster Energy\n|-activate|p2a: Iron Moth|ability: Quark Drive|[fromitem]\n|-start|p2a: Iron Moth|quarkdrivespe\n|turn|19\n|\n|t:|1711946925\n|move|p2a: Iron Moth|Dazzling Gleam|p1a: Zamazenta\n|-supereffective|p1a: Zamazenta\n|-damage|p1a: Zamazenta|46\/100\n|move|p1a: Zamazenta|Crunch|p2a: Iron Moth\n|-damage|p2a: Iron Moth|84\/100\n|\n|upkeep\n|turn|20\n|\n|t:|1711946933\n|move|p2a: Iron Moth|Dazzling Gleam|p1a: Zamazenta\n|-supereffective|p1a: Zamazenta\n|-damage|p1a: Zamazenta|0 fnt\n|faint|p1a: Zamazenta\n|\n|-sideend|p2: Boss Sprocket|Reflect\n|upkeep\n|\n|t:|1711946937\n|switch|p1a: Raging Bolt|Raging Bolt|100\/100\n|-enditem|p1a: Raging Bolt|Booster Energy\n|-activate|p1a: Raging Bolt|ability: Protosynthesis|[fromitem]\n|-start|p1a: Raging Bolt|protosynthesisspa\n|turn|21\n|\n|t:|1711946943\n|move|p2a: Iron Moth|Dazzling Gleam|p1a: Raging Bolt\n|-supereffective|p1a: Raging Bolt\n|-damage|p1a: Raging Bolt|48\/100\n|move|p1a: Raging Bolt|Calm Mind|p1a: Raging Bolt\n|-boost|p1a: Raging Bolt|spa|1\n|-boost|p1a: Raging Bolt|spd|1\n|\n|upkeep\n|turn|22\n|\n|t:|1711946950\n|move|p1a: Raging Bolt|Thunderclap|p2a: Iron Moth\n|-damage|p2a: Iron Moth|11\/100\n|move|p2a: Iron Moth|Dazzling Gleam|p1a: Raging Bolt\n|-supereffective|p1a: Raging Bolt\n|-damage|p1a: Raging Bolt|15\/100\n|\n|upkeep\n|turn|23\n|\n|t:|1711946957\n|-end|p2a: Iron Moth|Quark Drive|[silent]\n|switch|p2a: Mingus|Dragonite, F, tera:Normal|100\/100\n|move|p1a: Raging Bolt|Thunderbolt|p2a: Mingus\n|-damage|p2a: Mingus|43\/100\n|\n|upkeep\n|turn|24\n|\n|t:|1711946967\n|move|p2a: Mingus|Extreme Speed|p1a: Raging Bolt\n|-damage|p1a: Raging Bolt|0 fnt\n|faint|p1a: Raging Bolt\n|-end|p1a: Raging Bolt|Protosynthesis|[silent]\n|\n|upkeep\n|-message|Uranicrey forfeited.\n|\n|win|Boss Sprocket\n|raw|Uranicrey's rating: 1632 &rarr; <strong>1609<\/strong><br \/>(-23 for losing)\n|raw|Boss Sprocket's rating: 1579 &rarr; <strong>1602<\/strong><br \/>(+23 for winning)\n|l|\u2606Uranicrey\n|player|p1|\n|l|\u2606Boss Sprocket\n|player|p2|\n","uploadtime":1711947176,"views":1,"formatid":"gen9ou","rating":1602,"private":0,"password":null}