|j|☆PlugDome
|j|☆kentryanchoy
|t:|1711946526
|gametype|singles
|player|p1|PlugDome|miku-water|1381
|player|p2|kentryanchoy|biker-gen4|1423
|teamsize|p1|6
|teamsize|p2|6
|gen|9
|tier|[Gen 9] OU
|rated|
|rule|Species Clause: Limit one of each Pokémon
|rule|OHKO Clause: OHKO moves are banned
|rule|Evasion Items Clause: Evasion items are banned
|rule|Evasion Moves Clause: Evasion moves are banned
|rule|Endless Battle Clause: Forcing endless battles is banned
|rule|HP Percentage Mod: HP is shown in percentages
|rule|Sleep Moves Clause: Sleep-inducing moves are banned
|clearpoke
|poke|p1|Rillaboom, M|
|poke|p1|Gouging Fire|
|poke|p1|Hawlucha, F|
|poke|p1|Darkrai|
|poke|p1|Gholdengo|
|poke|p1|Kingambit, M|
|poke|p2|Iron Valiant|
|poke|p2|Iron Moth|
|poke|p2|Iron Treads|
|poke|p2|Landorus-Therian, M|
|poke|p2|Heatran, M|
|poke|p2|Roaring Moon|
|teampreview
|inactive|Battle timer is ON: inactive players will automatically lose when time's up. (requested by PlugDome)
|inactive|kentryanchoy has 120 seconds left.
|l|☆PlugDome
|inactive|PlugDome disconnected and has a minute to reconnect!
|player|p1|
|j|☆PlugDome
|inactive|PlugDome reconnected.
|player|p1|PlugDome|miku-water
|inactive|kentryanchoy has 90 seconds left.
|inactive|kentryanchoy has 60 seconds left.
|
|t:|1711946621
|start
|switch|p1a: Darkrai|Darkrai, shiny|100/100
|switch|p2a: Landorus|Landorus-Therian, M|100/100
|-ability|p2a: Landorus|Intimidate|boost
|-unboost|p1a: Darkrai|atk|1
|turn|1
|inactive|kentryanchoy has 120 seconds left.
|
|t:|1711946636
|switch|p2a: Iron Moth|Iron Moth, shiny|100/100
|-enditem|p2a: Iron Moth|Booster Energy
|-activate|p2a: Iron Moth|ability: Quark Drive|[fromitem]
|-start|p2a: Iron Moth|quarkdrivespa
|move|p1a: Darkrai|Ice Beam|p2a: Iron Moth
|-resisted|p2a: Iron Moth
|-damage|p2a: Iron Moth|82/100
|-status|p2a: Iron Moth|frz
|
|upkeep
|turn|2
|inactive|kentryanchoy has 120 seconds left.
|
|t:|1711946644
|move|p1a: Darkrai|Dark Pulse|p2a: Iron Moth
|-damage|p2a: Iron Moth|38/100 frz
|cant|p2a: Iron Moth|frz
|
|upkeep
|turn|3
|
|t:|1711946651
|move|p1a: Darkrai|Dark Pulse|p2a: Iron Moth
|-damage|p2a: Iron Moth|0 fnt
|faint|p2a: Iron Moth
|-end|p2a: Iron Moth|Quark Drive|[silent]
|
|upkeep
|inactive|kentryanchoy has 120 seconds left.
|
|t:|1711946683
|switch|p2a: Iron Valiant|Iron Valiant, shiny|100/100
|-enditem|p2a: Iron Valiant|Booster Energy
|-activate|p2a: Iron Valiant|ability: Quark Drive|[fromitem]
|-start|p2a: Iron Valiant|quarkdrivespe
|turn|4
|
|t:|1711946685
|move|p2a: Iron Valiant|Moonblast|p1a: Darkrai
|-supereffective|p1a: Darkrai
|-enditem|p1a: Darkrai|Focus Sash
|-damage|p1a: Darkrai|1/100
|move|p1a: Darkrai|Sludge Bomb|p2a: Iron Valiant
|-supereffective|p2a: Iron Valiant
|-damage|p2a: Iron Valiant|0 fnt
|faint|p2a: Iron Valiant
|-end|p2a: Iron Valiant|Quark Drive|[silent]
|
|upkeep
|
|t:|1711946709
|switch|p2a: Iron Treads|Iron Treads|100/100
|-enditem|p2a: Iron Treads|Booster Energy
|-activate|p2a: Iron Treads|ability: Quark Drive|[fromitem]
|-start|p2a: Iron Treads|quarkdriveatk
|turn|5
|
|t:|1711946717
|move|p1a: Darkrai|Ice Beam|p2a: Iron Treads
|-damage|p2a: Iron Treads|51/100
|move|p2a: Iron Treads|Rapid Spin|p1a: Darkrai
|-damage|p1a: Darkrai|0 fnt
|-boost|p2a: Iron Treads|spe|1
|faint|p1a: Darkrai
|
|upkeep
|
|t:|1711946721
|switch|p1a: Rillaboom|Rillaboom, M|100/100
|-fieldstart|move: Grassy Terrain|[from] ability: Grassy Surge|[of] p1a: Rillaboom
|turn|6
|
|t:|1711946727
|move|p1a: Rillaboom|Grassy Glide|p2a: Iron Treads
|-damage|p2a: Iron Treads|17/100
|move|p2a: Iron Treads|Ice Spinner|p1a: Rillaboom
|-supereffective|p1a: Rillaboom
|-damage|p1a: Rillaboom|26/100
|-fieldend|move: Grassy Terrain
|
|upkeep
|turn|7
|inactive|kentryanchoy has 120 seconds left.
|
|t:|1711946743
|switch|p1a: Gholdengo|Gholdengo|100/100
|move|p2a: Iron Treads|Ice Spinner|p1a: Gholdengo
|-resisted|p1a: Gholdengo
|-damage|p1a: Gholdengo|87/100
|
|upkeep
|turn|8
|
|t:|1711946751
|switch|p1a: Rillaboom|Rillaboom, M|26/100
|-fieldstart|move: Grassy Terrain|[from] ability: Grassy Surge|[of] p1a: Rillaboom
|move|p2a: Iron Treads|Earthquake|p1a: Rillaboom
|-resisted|p1a: Rillaboom
|-damage|p1a: Rillaboom|8/100
|
|-heal|p2a: Iron Treads|23/100|[from] Grassy Terrain
|-heal|p1a: Rillaboom|15/100|[from] Grassy Terrain
|upkeep
|turn|9
|
|t:|1711946759
|move|p1a: Rillaboom|Grassy Glide|p2a: Iron Treads
|-damage|p2a: Iron Treads|0 fnt
|faint|p2a: Iron Treads
|-end|p2a: Iron Treads|Quark Drive|[silent]
|
|-heal|p1a: Rillaboom|21/100|[from] Grassy Terrain
|upkeep
|
|t:|1711946765
|switch|p2a: Roaring Moon|Roaring Moon, shiny|100/100
|-enditem|p2a: Roaring Moon|Booster Energy
|-activate|p2a: Roaring Moon|ability: Protosynthesis|[fromitem]
|-start|p2a: Roaring Moon|protosynthesisatk
|turn|10
|
|t:|1711946770
|switch|p1a: Hawlucha|Hawlucha, F, shiny|100/100
|-enditem|p1a: Hawlucha|Grassy Seed
|-boost|p1a: Hawlucha|def|1|[from] item: Grassy Seed
|move|p2a: Roaring Moon|Dragon Dance|p2a: Roaring Moon
|-boost|p2a: Roaring Moon|atk|1
|-boost|p2a: Roaring Moon|spe|1
|
|upkeep
|turn|11
|
|t:|1711946778
|-terastallize|p2a: Roaring Moon|Flying
|move|p1a: Hawlucha|Encore|p2a: Roaring Moon
|-start|p2a: Roaring Moon|Encore
|move|p2a: Roaring Moon|Dragon Dance|p2a: Roaring Moon
|-boost|p2a: Roaring Moon|atk|1
|-boost|p2a: Roaring Moon|spe|1
|
|upkeep
|turn|12
|
|t:|1711946787
|-end|p2a: Roaring Moon|Protosynthesis|[silent]
|switch|p2a: Landorus|Landorus-Therian, M|100/100
|-ability|p2a: Landorus|Intimidate|boost
|-unboost|p1a: Hawlucha|atk|1
|move|p1a: Hawlucha|Acrobatics|p2a: Landorus
|-damage|p2a: Landorus|63/100
|
|upkeep
|turn|13
|
|t:|1711946791
|move|p1a: Hawlucha|Swords Dance|p1a: Hawlucha
|-boost|p1a: Hawlucha|atk|2
|move|p2a: Landorus|Psychic|p1a: Hawlucha
|-supereffective|p1a: Hawlucha
|-damage|p1a: Hawlucha|0 fnt
|faint|p1a: Hawlucha
|-damage|p2a: Landorus|53/100|[from] item: Life Orb
|
|upkeep
|
|t:|1711946801
|switch|p1a: Gouging Fire|Gouging Fire|100/100
|-enditem|p1a: Gouging Fire|Grassy Seed
|-boost|p1a: Gouging Fire|def|1|[from] item: Grassy Seed
|turn|14
|
|t:|1711946823
|move|p2a: Landorus|Earth Power|p1a: Gouging Fire
|-supereffective|p1a: Gouging Fire
|-damage|p1a: Gouging Fire|8/100
|-unboost|p1a: Gouging Fire|spd|1
|-damage|p2a: Landorus|43/100|[from] item: Life Orb
|move|p1a: Gouging Fire|Dragon Dance|p1a: Gouging Fire
|-boost|p1a: Gouging Fire|atk|1
|-boost|p1a: Gouging Fire|spe|1
|
|-heal|p1a: Gouging Fire|14/100|[from] Grassy Terrain
|upkeep
|turn|15
|
|t:|1711946829
|move|p1a: Gouging Fire|Breaking Swipe|p2a: Landorus
|-damage|p2a: Landorus|3/100
|-unboost|p2a: Landorus|atk|1
|move|p2a: Landorus|Earth Power|p1a: Gouging Fire
|-supereffective|p1a: Gouging Fire
|-damage|p1a: Gouging Fire|0 fnt
|faint|p1a: Gouging Fire
|-end|p1a: Gouging Fire|Protosynthesis|[silent]
|-damage|p2a: Landorus|0 fnt|[from] item: Life Orb
|faint|p2a: Landorus
|
|-fieldend|move: Grassy Terrain
|upkeep
|
|t:|1711946852
|switch|p2a: Heatran|Heatran, M, shiny|100/100
|switch|p1a: Gholdengo|Gholdengo|87/100
|-item|p2a: Heatran|Air Balloon
|turn|16
|
|t:|1711946860
|move|p2a: Heatran|Flamethrower|p1a: Gholdengo
|-supereffective|p1a: Gholdengo
|-damage|p1a: Gholdengo|0 fnt
|faint|p1a: Gholdengo
|
|upkeep
|
|t:|1711946863
|switch|p1a: Rillaboom|Rillaboom, M|21/100
|-fieldstart|move: Grassy Terrain|[from] ability: Grassy Surge|[of] p1a: Rillaboom
|turn|17
|inactive|kentryanchoy has 120 seconds left.
|
|t:|1711946897
|move|p1a: Rillaboom|Drain Punch|p2a: Heatran
|-supereffective|p2a: Heatran
|-damage|p2a: Heatran|48/100
|-heal|p1a: Rillaboom|46/100|[from] drain|[of] p2a: Heatran
|-enditem|p2a: Heatran|Air Balloon
|move|p2a: Heatran|Flamethrower|p1a: Rillaboom
|-supereffective|p1a: Rillaboom
|-crit|p1a: Rillaboom
|-damage|p1a: Rillaboom|0 fnt
|faint|p1a: Rillaboom
|
|-heal|p2a: Heatran|54/100|[from] Grassy Terrain
|upkeep
|
|t:|1711946905
|switch|p1a: Kingambit|Kingambit, M|100/100
|-activate|p1a: Kingambit|ability: Supreme Overlord
|-start|p1a: Kingambit|fallen5|[silent]
|-item|p1a: Kingambit|Air Balloon
|turn|18
|
|t:|1711946912
|move|p1a: Kingambit|Sucker Punch|p2a: Heatran
|-damage|p2a: Heatran|0 fnt
|-status|p1a: Kingambit|brn|[from] ability: Flame Body|[of] p2a: Heatran
|faint|p2a: Heatran
|
|-damage|p1a: Kingambit|94/100 brn|[from] brn
|upkeep
|
|t:|1711946915
|switch|p2a: Roaring Moon|Roaring Moon, shiny, tera:Flying|100/100
|turn|19
|inactive|kentryanchoy has 120 seconds left.
|inactive|kentryanchoy has 90 seconds left.
|inactive|kentryanchoy has 60 seconds left.
|inactive|kentryanchoy has 30 seconds left.
|inactive|kentryanchoy has 20 seconds left.
|l|☆PlugDome
|inactive|PlugDome disconnected and has a minute to reconnect!
|player|p1|
|inactive|kentryanchoy has 15 seconds left.
|j|☆PlugDome
|inactive|PlugDome reconnected.
|player|p1|PlugDome|miku-water
|inactive|kentryanchoy has 10 seconds left.
|
|t:|1711947055
|-terastallize|p1a: Kingambit|Flying
|move|p2a: Roaring Moon|Earthquake|p1a: Kingambit
|-immune|p1a: Kingambit
|move|p1a: Kingambit|Swords Dance|p1a: Kingambit
|-boost|p1a: Kingambit|atk|2
|
|-damage|p1a: Kingambit|88/100 brn|[from] brn
|upkeep
|turn|20
|inactive|kentryanchoy has 20 seconds left this turn.
|inactive|kentryanchoy has 15 seconds left.
|inactive|kentryanchoy has 10 seconds left.
|
|t:|1711947070
|move|p1a: Kingambit|Sucker Punch|p2a: Roaring Moon
|-damage|p2a: Roaring Moon|20/100
|move|p2a: Roaring Moon|Acrobatics|p1a: Kingambit
|-damage|p1a: Kingambit|38/100 brn
|-enditem|p1a: Kingambit|Air Balloon
|
|-damage|p1a: Kingambit|32/100 brn|[from] brn
|upkeep
|turn|21
|inactive|kentryanchoy has 20 seconds left this turn.
|inactive|kentryanchoy has 15 seconds left.
|
|t:|1711947077
|move|p1a: Kingambit|Sucker Punch||[still]
|-fail|p1a: Kingambit
|move|p2a: Roaring Moon|Dragon Dance|p2a: Roaring Moon
|-boost|p2a: Roaring Moon|atk|1
|-boost|p2a: Roaring Moon|spe|1
|
|-damage|p1a: Kingambit|26/100 brn|[from] brn
|upkeep
|turn|22
|inactive|kentryanchoy has 25 seconds left this turn.
|
|t:|1711947081
|move|p1a: Kingambit|Sucker Punch||[still]
|-fail|p1a: Kingambit
|move|p2a: Roaring Moon|Dragon Dance|p2a: Roaring Moon
|-boost|p2a: Roaring Moon|atk|1
|-boost|p2a: Roaring Moon|spe|1
|
|-damage|p1a: Kingambit|20/100 brn|[from] brn
|upkeep
|turn|23
|inactive|kentryanchoy has 30 seconds left.
|inactive|kentryanchoy has 20 seconds left.
|
|t:|1711947098
|move|p1a: Kingambit|Sucker Punch||[still]
|-fail|p1a: Kingambit
|move|p2a: Roaring Moon|Dragon Dance|p2a: Roaring Moon
|-boost|p2a: Roaring Moon|atk|1
|-boost|p2a: Roaring Moon|spe|1
|
|-damage|p1a: Kingambit|13/100 brn|[from] brn
|upkeep
|turn|24
|inactive|kentryanchoy has 30 seconds left this turn.
|inactive|kentryanchoy has 20 seconds left.
|inactive|kentryanchoy has 15 seconds left.
|
|t:|1711947119
|move|p1a: Kingambit|Sucker Punch||[still]
|-fail|p1a: Kingambit
|move|p2a: Roaring Moon|Dragon Dance|p2a: Roaring Moon
|-boost|p2a: Roaring Moon|atk|1
|-boost|p2a: Roaring Moon|spe|1
|
|-damage|p1a: Kingambit|7/100 brn|[from] brn
|-fieldend|move: Grassy Terrain
|upkeep
|turn|25
|inactive|kentryanchoy has 25 seconds left this turn.
|inactive|kentryanchoy has 20 seconds left.
|inactive|kentryanchoy has 15 seconds left.
|inactive|kentryanchoy has 10 seconds left.
|inactive|kentryanchoy has 5 seconds left.
|
|t:|1711947139
|move|p1a: Kingambit|Sucker Punch|p2a: Roaring Moon
|-damage|p2a: Roaring Moon|0 fnt
|faint|p2a: Roaring Moon
|-end|p2a: Roaring Moon|Protosynthesis|[silent]
|
|win|PlugDome
|inactive|kentryanchoy has 10 seconds left this turn.
|raw|PlugDome's rating: 1381 &rarr; <strong>1403</strong><br />(+22 for winning)
|raw|kentryanchoy's rating: 1423 &rarr; <strong>1401</strong><br />(-22 for losing)
|l|☆PlugDome
|player|p1|
|l|☆kentryanchoy
|player|p2|
