{"id":"gen9ou-2093375694","format":"[Gen 9] OU","players":["Mailiam","willamane"],"log":"|j|\u2606Mailiam\n|j|\u2606willamane\n|t:|1711946892\n|gametype|singles\n|player|p1|Mailiam|az|1522\n|player|p2|willamane|acetrainercouple|1487\n|teamsize|p1|6\n|teamsize|p2|6\n|gen|9\n|tier|[Gen 9] OU\n|rated|\n|rule|Species Clause: Limit one of each Pok\u00e9mon\n|rule|OHKO Clause: OHKO moves are banned\n|rule|Evasion Items Clause: Evasion items are banned\n|rule|Evasion Moves Clause: Evasion moves are banned\n|rule|Endless Battle Clause: Forcing endless battles is banned\n|rule|HP Percentage Mod: HP is shown in percentages\n|rule|Sleep Moves Clause: Sleep-inducing moves are banned\n|clearpoke\n|poke|p1|Garchomp, M|\n|poke|p1|Darkrai|\n|poke|p1|Enamorus, F|\n|poke|p1|Clodsire, F|\n|poke|p1|Corviknight, M|\n|poke|p1|Cinderace, M|\n|poke|p2|Pincurchin, M|\n|poke|p2|Iron Hands|\n|poke|p2|Iron Leaves|\n|poke|p2|Iron Treads|\n|poke|p2|Iron Valiant|\n|poke|p2|Walking Wake|\n|teampreview\n|inactive|Battle timer is ON: inactive players will automatically lose when time's up. (requested by Mailiam)\n|\n|t:|1711946923\n|start\n|switch|p1a: Darkrai|Darkrai|100\/100\n|switch|p2a: thwonkadonk|Walking Wake|100\/100\n|-enditem|p2a: thwonkadonk|Booster Energy\n|-activate|p2a: thwonkadonk|ability: Protosynthesis|[fromitem]\n|-start|p2a: thwonkadonk|protosynthesisspa\n|turn|1\n|\n|t:|1711946932\n|-terastallize|p1a: Darkrai|Dark\n|move|p1a: Darkrai|Dark Pulse|p2a: thwonkadonk\n|-damage|p2a: thwonkadonk|0 fnt\n|faint|p2a: thwonkadonk\n|-end|p2a: thwonkadonk|Protosynthesis|[silent]\n|\n|upkeep\n|\n|t:|1711946950\n|switch|p2a: chungamunga|Iron Valiant|100\/100\n|turn|2\n|\n|t:|1711946957\n|switch|p1a: Clodsire|Clodsire, F|100\/100\n|move|p2a: chungamunga|Calm Mind|p2a: chungamunga\n|-boost|p2a: chungamunga|spa|1\n|-boost|p2a: chungamunga|spd|1\n|\n|upkeep\n|turn|3\n|\n|t:|1711946969\n|-end|p2a: chungamunga|Quark Drive|[silent]\n|switch|p2a: hubba wubba|Iron Treads|100\/100\n|move|p1a: Clodsire|Poison Jab|p2a: hubba wubba\n|-immune|p2a: hubba wubba\n|\n|upkeep\n|turn|4\n|\n|t:|1711946976\n|switch|p1a: Corviknight|Corviknight, M|100\/100\n|-ability|p1a: Corviknight|Pressure\n|move|p2a: hubba wubba|Supercell Slam|p1a: Corviknight\n|-supereffective|p1a: Corviknight\n|-damage|p1a: Corviknight|42\/100\n|-damage|p2a: hubba wubba|84\/100|[from] item: Rocky Helmet|[of] p1a: Corviknight\n|\n|upkeep\n|turn|5\n|\n|t:|1711946984\n|switch|p1a: Garchomp|Garchomp, M|100\/100\n|move|p2a: hubba wubba|Supercell Slam|p1a: Garchomp\n|-immune|p1a: Garchomp\n|-damage|p2a: hubba wubba|34\/100|[from] supercellslam\n|\n|upkeep\n|turn|6\n|\n|t:|1711946995\n|-end|p2a: hubba wubba|Quark Drive|[silent]\n|switch|p2a: googly oogly|Iron Leaves|100\/100\n|switch|p1a: Cinderace|Cinderace, M|100\/100\n|\n|upkeep\n|turn|7\n|\n|t:|1711947020\n|-end|p2a: googly oogly|Quark Drive|[silent]\n|switch|p2a: pokywoky|Pincurchin, M|100\/100\n|-fieldstart|move: Electric Terrain|[from] ability: Electric Surge|[of] p2a: pokywoky\n|move|p1a: Cinderace|U-turn|p2a: pokywoky\n|-start|p1a: Cinderace|typechange|Bug|[from] ability: Libero\n|-damage|p2a: pokywoky|57\/100\n|\n|t:|1711947024\n|switch|p1a: Darkrai|Darkrai, tera:Dark|100\/100|[from] U-turn\n|\n|upkeep\n|turn|8\n|\n|t:|1711947045\n|move|p1a: Darkrai|Dark Pulse|p2a: pokywoky\n|-damage|p2a: pokywoky|0 fnt\n|faint|p2a: pokywoky\n|\n|upkeep\n|\n|t:|1711947050\n|switch|p2a: chungamunga|Iron Valiant|100\/100\n|-activate|p2a: chungamunga|ability: Quark Drive\n|-start|p2a: chungamunga|quarkdrivespe\n|turn|9\n|\n|t:|1711947056\n|switch|p1a: Clodsire|Clodsire, F|100\/100\n|move|p2a: chungamunga|Shadow Ball|p1a: Clodsire\n|-damage|p1a: Clodsire|82\/100\n|-damage|p2a: chungamunga|91\/100|[from] item: Life Orb\n|\n|-heal|p1a: Clodsire|88\/100|[from] item: Leftovers\n|upkeep\n|turn|10\n|\n|t:|1711947066\n|move|p2a: chungamunga|Shadow Ball|p1a: Clodsire\n|-damage|p1a: Clodsire|70\/100\n|-unboost|p1a: Clodsire|spd|1\n|-damage|p2a: chungamunga|81\/100|[from] item: Life Orb\n|move|p1a: Clodsire|Earthquake|p2a: chungamunga\n|-damage|p2a: chungamunga|46\/100\n|\n|-heal|p1a: Clodsire|77\/100|[from] item: Leftovers\n|upkeep\n|turn|11\n|inactive|willamane has 120 seconds left.\n|\n|t:|1711947099\n|move|p2a: chungamunga|Shadow Ball|p1a: Clodsire\n|-damage|p1a: Clodsire|47\/100\n|-damage|p2a: chungamunga|36\/100|[from] item: Life Orb\n|move|p1a: Clodsire|Poison Jab|p2a: chungamunga\n|-supereffective|p2a: chungamunga\n|-damage|p2a: chungamunga|0 fnt\n|faint|p2a: chungamunga\n|-end|p2a: chungamunga|Quark Drive|[silent]\n|\n|-heal|p1a: Clodsire|53\/100|[from] item: Leftovers\n|upkeep\n|inactive|willamane has 120 seconds left.\n|\n|t:|1711947111\n|switch|p2a: googly oogly|Iron Leaves|100\/100\n|-activate|p2a: googly oogly|ability: Quark Drive\n|-start|p2a: googly oogly|quarkdriveatk\n|turn|12\n|\n|t:|1711947118\n|move|p2a: googly oogly|Psyblade|p1a: Clodsire\n|-supereffective|p1a: Clodsire\n|-damage|p1a: Clodsire|0 fnt\n|faint|p1a: Clodsire\n|\n|upkeep\n|\n|t:|1711947121\n|switch|p1a: Cinderace|Cinderace, M|100\/100\n|turn|13\n|inactive|willamane has 120 seconds left.\n|\n|t:|1711947147\n|move|p1a: Cinderace|U-turn|p2a: googly oogly\n|-start|p1a: Cinderace|typechange|Bug|[from] ability: Libero\n|-supereffective|p2a: googly oogly\n|-damage|p2a: googly oogly|0 fnt\n|-damage|p1a: Cinderace|84\/100|[from] item: Rocky Helmet|[of] p2a: googly oogly\n|faint|p2a: googly oogly\n|-end|p2a: googly oogly|Quark Drive|[silent]\n|\n|t:|1711947153\n|switch|p1a: Corviknight|Corviknight, M|42\/100|[from] U-turn\n|-ability|p1a: Corviknight|Pressure\n|\n|upkeep\n|-message|willamane forfeited.\n|\n|win|Mailiam\n|raw|Mailiam's rating: 1522 &rarr; <strong>1540<\/strong><br \/>(+18 for winning)\n|raw|willamane's rating: 1487 &rarr; <strong>1469<\/strong><br \/>(-18 for losing)\n|l|\u2606willamane\n|player|p2|\n|l|\u2606Mailiam\n|player|p1|\n","uploadtime":1711947311,"views":0,"formatid":"gen9ou","rating":1469,"private":0,"password":null}