{"id":"gen9ou-2093375862","format":"[Gen 9] OU","players":["ATRTT","fasterfaster88"],"log":"|j|\u2606ATRTT\n|j|\u2606fasterfaster88\n|t:|1711946922\n|gametype|singles\n|player|p1|ATRTT|miku-grass|1460\n|player|p2|fasterfaster88|101|1437\n|teamsize|p1|6\n|teamsize|p2|6\n|gen|9\n|tier|[Gen 9] OU\n|rated|\n|rule|Species Clause: Limit one of each Pok\u00e9mon\n|rule|OHKO Clause: OHKO moves are banned\n|rule|Evasion Items Clause: Evasion items are banned\n|rule|Evasion Moves Clause: Evasion moves are banned\n|rule|Endless Battle Clause: Forcing endless battles is banned\n|rule|HP Percentage Mod: HP is shown in percentages\n|rule|Sleep Moves Clause: Sleep-inducing moves are banned\n|clearpoke\n|poke|p1|Lycanroc, M|\n|poke|p1|Pawmot, F|\n|poke|p1|Meowscarada, M|\n|poke|p1|Milotic, F|\n|poke|p1|Kommo-o, M|\n|poke|p1|Orthworm, M|\n|poke|p2|Clefable, F|\n|poke|p2|Incineroar, F|\n|poke|p2|Kyurem|\n|poke|p2|Slowking-Galar, F|\n|poke|p2|Great Tusk|\n|poke|p2|Skarmory, F|\n|teampreview\n|inactive|Battle timer is ON: inactive players will automatically lose when time's up. (requested by fasterfaster88)\n|inactive|ATRTT also wants the timer to be on.\n|inactive|fasterfaster88 has 120 seconds left.\n|c|\u2606ATRTT|fastee\n|\n|t:|1711946961\n|start\n|switch|p1a: Lycanroc|Lycanroc, M|100\/100\n|switch|p2a: Kyurem|Kyurem|100\/100\n|-ability|p2a: Kyurem|Pressure\n|turn|1\n|\n|t:|1711946975\n|move|p1a: Lycanroc|Stealth Rock|p2a: Kyurem\n|-sidestart|p2: fasterfaster88|move: Stealth Rock\n|move|p2a: Kyurem|Earth Power|p1a: Lycanroc\n|-supereffective|p1a: Lycanroc\n|-crit|p1a: Lycanroc\n|-enditem|p1a: Lycanroc|Focus Sash\n|-damage|p1a: Lycanroc|1\/100\n|\n|upkeep\n|turn|2\n|\n|t:|1711946982\n|switch|p2a: Skarmory|Skarmory, F|100\/100\n|-damage|p2a: Skarmory|88\/100|[from] Stealth Rock\n|move|p1a: Lycanroc|Endeavor|p2a: Skarmory\n|-damage|p2a: Skarmory|1\/100\n|-damage|p1a: Lycanroc|0 fnt|[from] item: Rocky Helmet|[of] p2a: Skarmory\n|faint|p1a: Lycanroc\n|\n|upkeep\n|\n|t:|1711946988\n|switch|p1a: Meowscarada|Meowscarada, M|100\/100\n|turn|3\n|\n|t:|1711946994\n|move|p1a: Meowscarada|Flower Trick|p2a: Skarmory\n|-start|p1a: Meowscarada|typechange|Grass|[from] ability: Protean\n|-resisted|p2a: Skarmory\n|-crit|p2a: Skarmory\n|-damage|p2a: Skarmory|0 fnt\n|faint|p2a: Skarmory\n|\n|upkeep\n|\n|t:|1711947007\n|switch|p2a: Incineroar|Incineroar, F, shiny|100\/100\n|-ability|p2a: Incineroar|Intimidate|boost\n|-unboost|p1a: Meowscarada|atk|1\n|turn|4\n|\n|t:|1711947013\n|move|p1a: Meowscarada|U-turn|p2a: Incineroar\n|-damage|p2a: Incineroar|87\/100\n|\n|t:|1711947017\n|switch|p1a: Milotic|Milotic, F|100\/100|[from] U-turn\n|move|p2a: Incineroar|Knock Off|p1a: Milotic\n|-damage|p1a: Milotic|56\/100\n|-enditem|p1a: Milotic|Heavy-Duty Boots|[from] move: Knock Off|[of] p2a: Incineroar\n|\n|upkeep\n|turn|5\n|\n|t:|1711947022\n|move|p1a: Milotic|Recover|p1a: Milotic\n|-heal|p1a: Milotic|100\/100\n|move|p2a: Incineroar|Parting Shot|p1a: Milotic\n|-unboost|p1a: Milotic|atk|1\n|-ability|p1a: Milotic|Competitive|boost\n|-boost|p1a: Milotic|spa|2\n|-unboost|p1a: Milotic|spa|1\n|-ability|p1a: Milotic|Competitive|boost\n|-boost|p1a: Milotic|spa|2\n|\n|t:|1711947027\n|switch|p2a: Kyurem|Kyurem|100\/100|[from] Parting Shot\n|-damage|p2a: Kyurem|76\/100|[from] Stealth Rock\n|-ability|p2a: Kyurem|Pressure\n|\n|upkeep\n|turn|6\n|\n|t:|1711947038\n|-terastallize|p1a: Milotic|Fairy\n|move|p2a: Kyurem|Freeze-Dry|p1a: Milotic\n|-damage|p1a: Milotic|76\/100\n|move|p1a: Milotic|Scald|p2a: Kyurem\n|-resisted|p2a: Kyurem\n|-damage|p2a: Kyurem|43\/100\n|-status|p2a: Kyurem|brn\n|\n|-damage|p2a: Kyurem|37\/100 brn|[from] brn\n|upkeep\n|turn|7\n|-message|fasterfaster88 forfeited.\n|\n|win|ATRTT\n|raw|ATRTT's rating: 1460 &rarr; <strong>1479<\/strong><br \/>(+19 for winning)\n|raw|fasterfaster88's rating: 1437 &rarr; <strong>1418<\/strong><br \/>(-19 for losing)\n|l|\u2606fasterfaster88\n|player|p2|\n|l|\u2606ATRTT\n|player|p1|\n","uploadtime":1711947311,"views":0,"formatid":"gen9ou","rating":1418,"private":0,"password":null}