|j|☆Space Eyaball
|j|☆Lupino in the stu
|t:|1711947048
|gametype|singles
|player|p1|Space Eyaball|doctor|1505
|player|p2|Lupino in the stu|burglar|1597
|teamsize|p1|6
|teamsize|p2|6
|gen|9
|tier|[Gen 9] OU
|rated|
|rule|Species Clause: Limit one of each Pokémon
|rule|OHKO Clause: OHKO moves are banned
|rule|Evasion Items Clause: Evasion items are banned
|rule|Evasion Moves Clause: Evasion moves are banned
|rule|Endless Battle Clause: Forcing endless battles is banned
|rule|HP Percentage Mod: HP is shown in percentages
|rule|Sleep Moves Clause: Sleep-inducing moves are banned
|clearpoke
|poke|p1|Kingambit, F|
|poke|p1|Iron Moth|
|poke|p1|Dragonite, M|
|poke|p1|Hatterene, F|
|poke|p1|Rillaboom, F|
|poke|p1|Hawlucha, F|
|poke|p2|Weavile, F|
|poke|p2|Raging Bolt|
|poke|p2|Primarina, F|
|poke|p2|Gliscor, M|
|poke|p2|Corviknight, M|
|poke|p2|Slowking-Galar, F|
|teampreview
|c|☆Space Eyaball|glhf
|inactive|Battle timer is ON: inactive players will automatically lose when time's up. (requested by Space Eyaball)
|
|t:|1711947063
|start
|switch|p1a: Rillaboom|Rillaboom, F|100/100
|switch|p2a: Gliscor|Gliscor, M|100/100
|-fieldstart|move: Grassy Terrain|[from] ability: Grassy Surge|[of] p1a: Rillaboom
|turn|1
|
|t:|1711947068
|switch|p1a: Hawlucha|Hawlucha, F|100/100
|-enditem|p1a: Hawlucha|Grassy Seed
|-boost|p1a: Hawlucha|def|1|[from] item: Grassy Seed
|move|p2a: Gliscor|Protect||[still]
|-fail|p2a: Gliscor
|
|-status|p2a: Gliscor|tox|[from] item: Toxic Orb
|upkeep
|turn|2
|
|t:|1711947074
|switch|p2a: Raging Bolt|Raging Bolt|100/100
|move|p1a: Hawlucha|Swords Dance|p1a: Hawlucha
|-boost|p1a: Hawlucha|atk|2
|
|upkeep
|turn|3
|
|t:|1711947081
|move|p2a: Raging Bolt|Thunderclap|p1a: Hawlucha
|-supereffective|p1a: Hawlucha
|-damage|p1a: Hawlucha|0 fnt
|faint|p1a: Hawlucha
|
|upkeep
|
|t:|1711947084
|switch|p1a: Dragonite|Dragonite, M|100/100
|turn|4
|
|t:|1711947102
|move|p1a: Dragonite|Encore|p2a: Raging Bolt
|-start|p2a: Raging Bolt|Encore
|move|p2a: Raging Bolt|Thunderclap||[still]
|-fail|p2a: Raging Bolt
|
|upkeep
|turn|5
|
|t:|1711947110
|-end|p2a: Raging Bolt|Protosynthesis|[silent]
|switch|p2a: Gliscor|Gliscor, M|100/100 tox
|move|p1a: Dragonite|Dragon Dance|p1a: Dragonite
|-boost|p1a: Dragonite|atk|1
|-boost|p1a: Dragonite|spe|1
|
|-fieldend|move: Grassy Terrain
|upkeep
|turn|6
|
|t:|1711947112
|move|p1a: Dragonite|Dragon Dance|p1a: Dragonite
|-boost|p1a: Dragonite|atk|1
|-boost|p1a: Dragonite|spe|1
|move|p2a: Gliscor|Toxic|p1a: Dragonite
|-status|p1a: Dragonite|tox
|-enditem|p1a: Dragonite|Lum Berry|[eat]
|-curestatus|p1a: Dragonite|tox|[msg]
|
|upkeep
|turn|7
|
|t:|1711947139
|move|p1a: Dragonite|Dragon Dance|p1a: Dragonite
|-boost|p1a: Dragonite|atk|1
|-boost|p1a: Dragonite|spe|1
|move|p2a: Gliscor|Toxic|p1a: Dragonite
|-status|p1a: Dragonite|tox
|
|-damage|p1a: Dragonite|94/100 tox|[from] psn
|upkeep
|turn|8
|
|t:|1711947150
|switch|p2a: Corviknight|Corviknight, M|100/100
|-ability|p2a: Corviknight|Pressure
|move|p1a: Dragonite|Extreme Speed|p2a: Corviknight
|-resisted|p2a: Corviknight
|-damage|p2a: Corviknight|79/100
|-damage|p1a: Dragonite|78/100 tox|[from] item: Rocky Helmet|[of] p2a: Corviknight
|
|-damage|p1a: Dragonite|66/100 tox|[from] psn
|upkeep
|turn|9
|
|t:|1711947159
|move|p1a: Dragonite|Dragon Dance|p1a: Dragonite
|-boost|p1a: Dragonite|atk|1
|-boost|p1a: Dragonite|spe|1
|move|p2a: Corviknight|Roost|p2a: Corviknight
|-heal|p2a: Corviknight|100/100
|-singleturn|p2a: Corviknight|move: Roost
|
|-damage|p1a: Dragonite|47/100 tox|[from] psn
|upkeep
|turn|10
|
|t:|1711947172
|move|p1a: Dragonite|Encore|p2a: Corviknight
|-start|p2a: Corviknight|Encore
|move|p2a: Corviknight|Roost||[still]
|-fail|p2a: Corviknight|heal
|
|-damage|p1a: Dragonite|22/100 tox|[from] psn
|upkeep
|turn|11
|
|t:|1711947177
|switch|p1a: Iron Moth|Iron Moth|100/100
|-enditem|p1a: Iron Moth|Booster Energy
|-activate|p1a: Iron Moth|ability: Quark Drive|[fromitem]
|-start|p1a: Iron Moth|quarkdrivespe
|move|p2a: Corviknight|Roost||[still]
|-fail|p2a: Corviknight|heal
|
|upkeep
|turn|12
|
|t:|1711947181
|switch|p2a: Slowking|Slowking-Galar, F|100/100
|move|p1a: Iron Moth|Substitute|p1a: Iron Moth
|-start|p1a: Iron Moth|Substitute
|-damage|p1a: Iron Moth|75/100
|
|upkeep
|turn|13
|
|t:|1711947185
|-terastallize|p1a: Iron Moth|Ground
|move|p1a: Iron Moth|Tera Blast|p2a: Slowking|[anim] Tera Blast Ground
|-supereffective|p2a: Slowking
|-damage|p2a: Slowking|56/100
|move|p2a: Slowking|Future Sight|p1a: Iron Moth
|-start|p2a: Slowking|move: Future Sight
|
|upkeep
|turn|14
|
|t:|1711947194
|move|p1a: Iron Moth|Fiery Dance|p2a: Slowking
|-damage|p2a: Slowking|33/100
|-boost|p1a: Iron Moth|spa|1
|move|p2a: Slowking|Flamethrower|p1a: Iron Moth
|-activate|p1a: Iron Moth|move: Substitute|[damage]
|
|upkeep
|turn|15
|
|t:|1711947213
|switch|p2a: Gliscor|Gliscor, M|100/100 tox
|move|p1a: Iron Moth|Fiery Dance|p2a: Gliscor
|-damage|p2a: Gliscor|52/100 tox
|-boost|p1a: Iron Moth|spa|1
|
|-end|p1a: Iron Moth|move: Future Sight
|-end|p1a: Iron Moth|Substitute
|-heal|p2a: Gliscor|65/100 tox|[from] ability: Poison Heal
|upkeep
|turn|16
|
|t:|1711947220
|move|p1a: Iron Moth|Fiery Dance|p2a: Gliscor
|-damage|p2a: Gliscor|0 fnt
|faint|p2a: Gliscor
|
|upkeep
|
|t:|1711947223
|switch|p2a: Primarina|Primarina, F|100/100
|turn|17
|
|t:|1711947229
|-terastallize|p2a: Primarina|Steel
|move|p1a: Iron Moth|Sludge Wave|p2a: Primarina
|-immune|p2a: Primarina
|move|p2a: Primarina|Psychic Noise|p1a: Iron Moth
|-supereffective|p1a: Iron Moth
|-damage|p1a: Iron Moth|1/100
|-start|p1a: Iron Moth|move: Heal Block
|
|upkeep
|turn|18
|
|t:|1711947241
|switch|p2a: Slowking|Slowking-Galar, F|66/100
|move|p1a: Iron Moth|Fiery Dance|p2a: Slowking
|-damage|p2a: Slowking|20/100
|
|-end|p1a: Iron Moth|move: Heal Block
|upkeep
|turn|19
|
|t:|1711947246
|move|p1a: Iron Moth|Fiery Dance|p2a: Slowking
|-damage|p2a: Slowking|0 fnt
|-boost|p1a: Iron Moth|spa|1
|faint|p2a: Slowking
|
|upkeep
|
|t:|1711947249
|switch|p2a: Weavile|Weavile, F|100/100
|-ability|p2a: Weavile|Pressure
|turn|20
|
|t:|1711947252
|move|p2a: Weavile|Ice Shard|p1a: Iron Moth
|-supereffective|p1a: Iron Moth
|-damage|p1a: Iron Moth|0 fnt
|faint|p1a: Iron Moth
|-end|p1a: Iron Moth|Quark Drive|[silent]
|
|upkeep
|
|t:|1711947254
|switch|p1a: Dragonite|Dragonite, M|22/100 tox
|turn|21
|
|t:|1711947258
|move|p1a: Dragonite|Extreme Speed|p2a: Weavile
|-damage|p2a: Weavile|42/100
|move|p2a: Weavile|Ice Shard|p1a: Dragonite
|-supereffective|p1a: Dragonite
|-damage|p1a: Dragonite|0 fnt
|faint|p1a: Dragonite
|
|upkeep
|
|t:|1711947287
|switch|p1a: Rillaboom|Rillaboom, F|100/100
|-fieldstart|move: Grassy Terrain|[from] ability: Grassy Surge|[of] p1a: Rillaboom
|turn|22
|
|t:|1711947292
|switch|p2a: Corviknight|Corviknight, M|100/100
|-ability|p2a: Corviknight|Pressure
|move|p1a: Rillaboom|U-turn|p2a: Corviknight
|-resisted|p2a: Corviknight
|-damage|p2a: Corviknight|97/100
|-damage|p1a: Rillaboom|84/100|[from] item: Rocky Helmet|[of] p2a: Corviknight
|
|t:|1711947295
|switch|p1a: Hatterene|Hatterene, F|100/100|[from] U-turn
|
|upkeep
|turn|23
|
|t:|1711947299
|move|p2a: Corviknight|U-turn|p1a: Hatterene
|-damage|p1a: Hatterene|88/100
|
|t:|1711947301
|switch|p2a: Primarina|Primarina, F, tera:Steel|100/100|[from] U-turn
|move|p1a: Hatterene|Calm Mind|p1a: Hatterene
|-boost|p1a: Hatterene|spa|1
|-boost|p1a: Hatterene|spd|1
|
|-heal|p1a: Hatterene|94/100|[from] Grassy Terrain
|-heal|p1a: Hatterene|99/100|[from] item: Leftovers
|upkeep
|turn|24
|
|t:|1711947304
|move|p2a: Primarina|Psychic Noise|p1a: Hatterene
|-damage|p1a: Hatterene|69/100
|-start|p1a: Hatterene|move: Heal Block
|move|p1a: Hatterene|Mystical Fire|p2a: Primarina
|-supereffective|p2a: Primarina
|-damage|p2a: Primarina|64/100
|-unboost|p2a: Primarina|spa|1
|
|-heal|p2a: Primarina|70/100|[from] Grassy Terrain
|upkeep
|turn|25
|
|t:|1711947308
|move|p2a: Primarina|Flip Turn|p1a: Hatterene
|-damage|p1a: Hatterene|57/100
|
|t:|1711947311
|switch|p2a: Raging Bolt|Raging Bolt|100/100|[from] Flip Turn
|move|p1a: Hatterene|Mystical Fire|p2a: Raging Bolt
|-resisted|p2a: Raging Bolt
|-damage|p2a: Raging Bolt|84/100
|-unboost|p2a: Raging Bolt|spa|1
|
|-heal|p2a: Raging Bolt|90/100|[from] Grassy Terrain
|-heal|p2a: Raging Bolt|97/100|[from] item: Leftovers
|-end|p1a: Hatterene|move: Heal Block
|upkeep
|turn|26
|
|t:|1711947318
|-end|p2a: Raging Bolt|Protosynthesis|[silent]
|switch|p2a: Primarina|Primarina, F, tera:Steel|70/100
|move|p1a: Hatterene|Draining Kiss|p2a: Primarina
|-resisted|p2a: Primarina
|-damage|p2a: Primarina|61/100
|-heal|p1a: Hatterene|64/100|[from] drain|[of] p2a: Primarina
|
|-heal|p2a: Primarina|67/100|[from] Grassy Terrain
|-heal|p1a: Hatterene|70/100|[from] Grassy Terrain
|-heal|p1a: Hatterene|76/100|[from] item: Leftovers
|-fieldend|move: Grassy Terrain
|upkeep
|turn|27
|
|t:|1711947328
|move|p2a: Primarina|Psychic Noise|p1a: Hatterene
|-damage|p1a: Hatterene|45/100
|-start|p1a: Hatterene|move: Heal Block
|move|p1a: Hatterene|Mystical Fire|p2a: Primarina
|-supereffective|p2a: Primarina
|-damage|p2a: Primarina|25/100
|-unboost|p2a: Primarina|spa|1
|
|upkeep
|turn|28
|
|t:|1711947331
|move|p2a: Primarina|Moonblast|p1a: Hatterene
|-damage|p1a: Hatterene|22/100
|move|p1a: Hatterene|Calm Mind|p1a: Hatterene
|-boost|p1a: Hatterene|spa|1
|-boost|p1a: Hatterene|spd|1
|
|-end|p1a: Hatterene|move: Heal Block
|upkeep
|turn|29
|
|t:|1711947334
|move|p2a: Primarina|Psychic Noise|p1a: Hatterene
|-damage|p1a: Hatterene|8/100
|-start|p1a: Hatterene|move: Heal Block
|move|p1a: Hatterene|Mystical Fire|p2a: Primarina
|-supereffective|p2a: Primarina
|-damage|p2a: Primarina|0 fnt
|faint|p2a: Primarina
|
|upkeep
|
|t:|1711947344
|switch|p2a: Raging Bolt|Raging Bolt|97/100
|turn|30
|
|t:|1711947348
|move|p2a: Raging Bolt|Thunderbolt|p1a: Hatterene
|-damage|p1a: Hatterene|0 fnt
|faint|p1a: Hatterene
|
|-heal|p2a: Raging Bolt|100/100|[from] item: Leftovers
|upkeep
|
|t:|1711947353
|switch|p1a: Rillaboom|Rillaboom, F|84/100
|-fieldstart|move: Grassy Terrain|[from] ability: Grassy Surge|[of] p1a: Rillaboom
|turn|31
|
|t:|1711947356
|-end|p2a: Raging Bolt|Protosynthesis|[silent]
|switch|p2a: Corviknight|Corviknight, M|97/100
|-ability|p2a: Corviknight|Pressure
|move|p1a: Rillaboom|Knock Off|p2a: Corviknight
|-damage|p2a: Corviknight|77/100
|-damage|p1a: Rillaboom|68/100|[from] item: Rocky Helmet|[of] p2a: Corviknight
|-enditem|p2a: Corviknight|Rocky Helmet|[from] move: Knock Off|[of] p1a: Rillaboom
|
|-heal|p1a: Rillaboom|74/100|[from] Grassy Terrain
|upkeep
|turn|32
|
|t:|1711947371
|switch|p1a: Kingambit|Kingambit, F|100/100
|-activate|p1a: Kingambit|ability: Supreme Overlord
|-start|p1a: Kingambit|fallen4|[silent]
|move|p2a: Corviknight|Body Press|p1a: Kingambit
|-supereffective|p1a: Kingambit
|-damage|p1a: Kingambit|20/100
|
|-heal|p1a: Kingambit|26/100|[from] Grassy Terrain
|upkeep
|turn|33
|
|t:|1711947377
|move|p1a: Kingambit|Sucker Punch|p2a: Corviknight
|-damage|p2a: Corviknight|36/100
|move|p2a: Corviknight|Body Press|p1a: Kingambit
|-supereffective|p1a: Kingambit
|-damage|p1a: Kingambit|0 fnt
|faint|p1a: Kingambit
|-end|p1a: Kingambit|fallen4|[silent]
|
|upkeep
|c|☆Space Eyaball|ggs
|-message|Space Eyaball forfeited.
|
|win|Lupino in the stu
|raw|Space Eyaball's rating: 1505 &rarr; <strong>1490</strong><br />(-15 for losing)
|raw|Lupino in the stu's rating: 1597 &rarr; <strong>1612</strong><br />(+15 for winning)
|l|☆Space Eyaball
|player|p1|
|c|☆Lupino in the stu|ggs man
