{"id":"gen9pu-2093371600","format":"[Gen 9] PU","players":["sicklyllama","The Ciolfster"],"log":"|j|\u2606sicklyllama\n|j|\u2606The Ciolfster\n|t:|1711946214\n|gametype|singles\n|player|p1|sicklyllama|preschooler|1055\n|player|p2|The Ciolfster|101|1000\n|teamsize|p1|6\n|teamsize|p2|6\n|gen|9\n|tier|[Gen 9] PU\n|rated|\n|rule|Species Clause: Limit one of each Pok\u00e9mon\n|rule|OHKO Clause: OHKO moves are banned\n|rule|Evasion Items Clause: Evasion items are banned\n|rule|Evasion Moves Clause: Evasion moves are banned\n|rule|Endless Battle Clause: Forcing endless battles is banned\n|rule|HP Percentage Mod: HP is shown in percentages\n|rule|Sleep Moves Clause: Sleep-inducing moves are banned\n|clearpoke\n|poke|p1|Braviary-Hisui, M|\n|poke|p1|Shiftry, F|\n|poke|p1|Bronzong|\n|poke|p1|Rotom-Mow|\n|poke|p1|Golem, M|\n|poke|p1|Quaxwell, F|\n|poke|p2|Hitmonchan, M|\n|poke|p2|Chimecho, M|\n|poke|p2|Mismagius, F|\n|poke|p2|Wyrdeer, F|\n|poke|p2|Oricorio, M|\n|poke|p2|Klawf, F|\n|teampreview\n|inactive|Battle timer is ON: inactive players will automatically lose when time's up. (requested by sicklyllama)\n|\n|t:|1711946221\n|start\n|switch|p1a: Golem|Golem, M|100\/100\n|switch|p2a: Wyrdeer|Wyrdeer, F|100\/100\n|-ability|p2a: Wyrdeer|Intimidate|boost\n|-unboost|p1a: Golem|atk|1\n|turn|1\n|\n|t:|1711946230\n|move|p2a: Wyrdeer|Agility|p2a: Wyrdeer\n|-boost|p2a: Wyrdeer|spe|2\n|move|p1a: Golem|Stealth Rock|p2a: Wyrdeer\n|-sidestart|p2: The Ciolfster|move: Stealth Rock\n|\n|upkeep\n|turn|2\n|\n|t:|1711946235\n|move|p2a: Wyrdeer|Calm Mind|p2a: Wyrdeer\n|-boost|p2a: Wyrdeer|spa|1\n|-boost|p2a: Wyrdeer|spd|1\n|move|p1a: Golem|Stone Edge|p2a: Wyrdeer\n|-damage|p2a: Wyrdeer|56\/100\n|\n|-heal|p2a: Wyrdeer|62\/100|[from] item: Leftovers\n|upkeep\n|turn|3\n|\n|t:|1711946243\n|move|p2a: Wyrdeer|Stored Power|p1a: Golem\n|-ability|p1a: Golem|Sturdy\n|-damage|p1a: Golem|1\/100\n|move|p1a: Golem|Stone Edge|p2a: Wyrdeer|[miss]\n|-miss|p1a: Golem|p2a: Wyrdeer\n|\n|-heal|p2a: Wyrdeer|68\/100|[from] item: Leftovers\n|upkeep\n|turn|4\n|-enditem|p1a: Golem|Custap Berry|[eat]\n|-activate|p1a: Golem|item: Custap Berry|[consumed]\n|\n|t:|1711946254\n|-terastallize|p1a: Golem|Normal\n|move|p1a: Golem|Explosion|p2a: Wyrdeer\n|-damage|p2a: Wyrdeer|0 fnt\n|faint|p1a: Golem\n|faint|p2a: Wyrdeer\n|\n|upkeep\n|\n|t:|1711946271\n|switch|p2a: Oricorio|Oricorio, M|100\/100\n|switch|p1a: Rotom|Rotom-Mow|100\/100\n|turn|5\n|\n|t:|1711946278\n|move|p1a: Rotom|Volt Switch|p2a: Oricorio\n|-supereffective|p2a: Oricorio\n|-damage|p2a: Oricorio|9\/100\n|\n|t:|1711946285\n|switch|p1a: Bronzong|Bronzong|100\/100|[from] Volt Switch\n|move|p2a: Oricorio|Defog|p1a: Bronzong\n|-unboost|p1a: Bronzong|evasion|1\n|-sideend|p2: The Ciolfster|Stealth Rock|[from] move: Defog|[of] p2a: Oricorio\n|\n|upkeep\n|turn|6\n|\n|t:|1711946294\n|move|p2a: Oricorio|Revelation Dance|p1a: Bronzong\n|-supereffective|p1a: Bronzong\n|-damage|p1a: Bronzong|74\/100\n|move|p1a: Bronzong|Iron Head|p2a: Oricorio\n|-resisted|p2a: Oricorio\n|-damage|p2a: Oricorio|0 fnt\n|faint|p2a: Oricorio\n|\n|upkeep\n|\n|t:|1711946303\n|switch|p2a: Mismagius|Mismagius, F|100\/100\n|turn|7\n|\n|t:|1711946311\n|switch|p1a: Shiftry|Shiftry, F|100\/100\n|move|p2a: Mismagius|Shadow Ball|p1a: Shiftry\n|-resisted|p1a: Shiftry\n|-damage|p1a: Shiftry|60\/100\n|\n|upkeep\n|turn|8\n|\n|t:|1711946320\n|switch|p2a: Hitmonchan|Hitmonchan, M|100\/100\n|move|p1a: Shiftry|Tailwind|p1a: Shiftry\n|-sidestart|p1: sicklyllama|move: Tailwind\n|-ability|p1a: Shiftry|Wind Rider|boost\n|-boost|p1a: Shiftry|atk|1\n|\n|upkeep\n|turn|9\n|\n|t:|1711946330\n|switch|p1a: Braviary|Braviary-Hisui, M|100\/100\n|move|p2a: Hitmonchan|Close Combat|p1a: Braviary\n|-resisted|p1a: Braviary\n|-damage|p1a: Braviary|85\/100\n|-unboost|p2a: Hitmonchan|def|1\n|-unboost|p2a: Hitmonchan|spd|1\n|\n|upkeep\n|turn|10\n|\n|t:|1711946338\n|switch|p2a: Klawf|Klawf, F|100\/100\n|move|p1a: Braviary|Hurricane|p2a: Klawf|[miss]\n|-miss|p1a: Braviary|p2a: Klawf\n|\n|upkeep\n|turn|11\n|\n|t:|1711946354\n|move|p1a: Braviary|Psychic|p2a: Klawf\n|-damage|p2a: Klawf|34\/100\n|move|p2a: Klawf|Knock Off|p1a: Braviary\n|-supereffective|p1a: Braviary\n|-damage|p1a: Braviary|36\/100\n|-enditem|p1a: Braviary|Weakness Policy\n|-boost|p1a: Braviary|atk|2|[from] item: Weakness Policy\n|-boost|p1a: Braviary|spa|2|[from] item: Weakness Policy\n|\n|-sideend|p1: sicklyllama|move: Tailwind\n|upkeep\n|turn|12\n|\n|t:|1711946366\n|move|p2a: Klawf|Stealth Rock|p1a: Braviary\n|-sidestart|p1: sicklyllama|move: Stealth Rock\n|move|p1a: Braviary|Psychic|p2a: Klawf\n|-damage|p2a: Klawf|0 fnt\n|faint|p2a: Klawf\n|\n|upkeep\n|\n|t:|1711946378\n|switch|p2a: Hitmonchan|Hitmonchan, M|100\/100\n|turn|13\n|\n|t:|1711946383\n|move|p2a: Hitmonchan|Ice Punch|p1a: Braviary\n|-supereffective|p1a: Braviary\n|-damage|p1a: Braviary|0 fnt\n|faint|p1a: Braviary\n|\n|upkeep\n|\n|t:|1711946390\n|switch|p1a: Bronzong|Bronzong|74\/100\n|-damage|p1a: Bronzong|68\/100|[from] Stealth Rock\n|turn|14\n|\n|t:|1711946397\n|switch|p2a: Chimecho|Chimecho, M|100\/100\n|move|p1a: Bronzong|Iron Defense|p1a: Bronzong\n|-boost|p1a: Bronzong|def|2\n|\n|upkeep\n|turn|15\n|\n|t:|1711946404\n|move|p2a: Chimecho|Calm Mind|p2a: Chimecho\n|-boost|p2a: Chimecho|spa|1\n|-boost|p2a: Chimecho|spd|1\n|move|p1a: Bronzong|Iron Head|p2a: Chimecho\n|-damage|p2a: Chimecho|77\/100\n|\n|-heal|p2a: Chimecho|84\/100|[from] item: Leftovers\n|upkeep\n|turn|16\n|\n|t:|1711946414\n|switch|p1a: Shiftry|Shiftry, F|60\/100\n|-damage|p1a: Shiftry|48\/100|[from] Stealth Rock\n|move|p2a: Chimecho|Calm Mind|p2a: Chimecho\n|-boost|p2a: Chimecho|spa|1\n|-boost|p2a: Chimecho|spd|1\n|\n|-heal|p2a: Chimecho|90\/100|[from] item: Leftovers\n|upkeep\n|turn|17\n|\n|t:|1711946424\n|move|p1a: Shiftry|Knock Off|p2a: Chimecho\n|-supereffective|p2a: Chimecho\n|-damage|p2a: Chimecho|0 fnt\n|-enditem|p2a: Chimecho|Leftovers|[from] move: Knock Off|[of] p1a: Shiftry\n|faint|p2a: Chimecho\n|-damage|p1a: Shiftry|38\/100|[from] item: Life Orb\n|\n|upkeep\n|\n|t:|1711946432\n|switch|p2a: Hitmonchan|Hitmonchan, M|100\/100\n|turn|18\n|\n|t:|1711946439\n|move|p2a: Hitmonchan|Close Combat|p1a: Shiftry\n|-supereffective|p1a: Shiftry\n|-damage|p1a: Shiftry|0 fnt\n|-unboost|p2a: Hitmonchan|def|1\n|-unboost|p2a: Hitmonchan|spd|1\n|faint|p1a: Shiftry\n|\n|upkeep\n|\n|t:|1711946446\n|switch|p1a: Rotom|Rotom-Mow|100\/100\n|-damage|p1a: Rotom|88\/100|[from] Stealth Rock\n|turn|19\n|\n|t:|1711946455\n|move|p1a: Rotom|Leaf Storm|p2a: Hitmonchan\n|-damage|p2a: Hitmonchan|0 fnt\n|-unboost|p1a: Rotom|spa|2\n|faint|p2a: Hitmonchan\n|\n|upkeep\n|\n|t:|1711946460\n|switch|p2a: Mismagius|Mismagius, F|100\/100\n|turn|20\n|\n|t:|1711946467\n|switch|p1a: Bronzong|Bronzong|68\/100\n|-damage|p1a: Bronzong|61\/100|[from] Stealth Rock\n|-terastallize|p2a: Mismagius|Ghost\n|move|p2a: Mismagius|Shadow Ball|p1a: Bronzong\n|-supereffective|p1a: Bronzong\n|-damage|p1a: Bronzong|0 fnt\n|faint|p1a: Bronzong\n|\n|upkeep\n|\n|t:|1711946475\n|switch|p1a: Quaxwell|Quaxwell, F|100\/100\n|-damage|p1a: Quaxwell|88\/100|[from] Stealth Rock\n|turn|21\n|\n|t:|1711946479\n|move|p2a: Mismagius|Shadow Ball|p1a: Quaxwell\n|-damage|p1a: Quaxwell|16\/100\n|move|p1a: Quaxwell|Liquidation|p2a: Mismagius\n|-damage|p2a: Mismagius|50\/100\n|-unboost|p2a: Mismagius|def|1\n|\n|upkeep\n|turn|22\n|\n|t:|1711946485\n|move|p2a: Mismagius|Shadow Ball|p1a: Quaxwell\n|-damage|p1a: Quaxwell|0 fnt\n|faint|p1a: Quaxwell\n|\n|upkeep\n|\n|t:|1711946487\n|switch|p1a: Rotom|Rotom-Mow|88\/100\n|-damage|p1a: Rotom|76\/100|[from] Stealth Rock\n|turn|23\n|\n|t:|1711946493\n|move|p1a: Rotom|Leaf Storm|p2a: Mismagius\n|-damage|p2a: Mismagius|0 fnt\n|-unboost|p1a: Rotom|spa|2\n|faint|p2a: Mismagius\n|\n|win|sicklyllama\n|raw|sicklyllama's rating: 1055 &rarr; <strong>1082<\/strong><br \/>(+27 for winning)\n|raw|The Ciolfster's rating: 1000 &rarr; <strong>1000<\/strong><br \/>(+0 for losing)\n|c|\u2606sicklyllama|gg\n|c|\u2606The Ciolfster|gg\n|l|\u2606The Ciolfster\n|player|p2|\n","uploadtime":1711946509,"views":0,"formatid":"gen9pu","rating":1000,"private":0,"password":null}