|j|☆GraveDiggaMountain
|j|☆Ggezbb
|t:|1711938568
|gametype|singles
|player|p1|GraveDiggaMountain|byron|1355
|player|p2|Ggezbb|170|1357
|teamsize|p1|6
|teamsize|p2|6
|gen|9
|tier|[Gen 9] PU
|rated|
|rule|Species Clause: Limit one of each Pokémon
|rule|OHKO Clause: OHKO moves are banned
|rule|Evasion Items Clause: Evasion items are banned
|rule|Evasion Moves Clause: Evasion moves are banned
|rule|Endless Battle Clause: Forcing endless battles is banned
|rule|HP Percentage Mod: HP is shown in percentages
|rule|Sleep Moves Clause: Sleep-inducing moves are banned
|clearpoke
|poke|p1|Decidueye-Hisui, M|
|poke|p1|Hoopa|
|poke|p1|Palossand, F|
|poke|p1|Snorlax, M|
|poke|p1|Morpeko, M|
|poke|p1|Charizard, F|
|poke|p2|Hitmonchan, M|
|poke|p2|Scyther, F|
|poke|p2|Qwilfish-Hisui, M|
|poke|p2|Whimsicott, M|
|poke|p2|Oricorio, F|
|poke|p2|Dudunsparce-*, F|
|teampreview
|inactive|Battle timer is ON: inactive players will automatically lose when time's up. (requested by Ggezbb)
|
|t:|1711938583
|start
|switch|p1a: Palossand|Palossand, F|100/100
|switch|p2a: Scyther|Scyther, F|100/100
|turn|1
|
|t:|1711938604
|move|p2a: Scyther|Dual Wingbeat|p1a: Palossand
|-damage|p1a: Palossand|83/100
|-damage|p2a: Scyther|84/100|[from] item: Rocky Helmet|[of] p1a: Palossand
|-damage|p1a: Palossand|67/100
|-damage|p2a: Scyther|68/100|[from] item: Rocky Helmet|[of] p1a: Palossand
|-hitcount|p1a: Palossand|2
|move|p1a: Palossand|Stealth Rock|p2a: Scyther
|-sidestart|p2: Ggezbb|move: Stealth Rock
|
|upkeep
|turn|2
|
|t:|1711938613
|move|p2a: Scyther|Defog|p1a: Palossand
|-unboost|p1a: Palossand|evasion|1
|-sideend|p2: Ggezbb|Stealth Rock|[from] move: Defog|[of] p2a: Scyther
|move|p1a: Palossand|Shadow Ball|p2a: Scyther
|-damage|p2a: Scyther|27/100
|-unboost|p2a: Scyther|spd|1
|
|upkeep
|turn|3
|
|t:|1711938616
|move|p2a: Scyther|U-turn|p1a: Palossand
|-resisted|p1a: Palossand
|-crit|p1a: Palossand
|-damage|p1a: Palossand|52/100
|-damage|p2a: Scyther|10/100|[from] item: Rocky Helmet|[of] p1a: Palossand
|
|t:|1711938630
|switch|p2a: Qwilfish|Qwilfish-Hisui, M|100/100|[from] U-turn
|-ability|p2a: Qwilfish|Intimidate|boost
|-unboost|p1a: Palossand|atk|1
|move|p1a: Palossand|Stealth Rock|p2a: Qwilfish
|-sidestart|p2: Ggezbb|move: Stealth Rock
|
|upkeep
|turn|4
|
|t:|1711938638
|move|p2a: Qwilfish|Spikes|p1a: Palossand
|-sidestart|p1: GraveDiggaMountain|Spikes
|move|p1a: Palossand|Scorching Sands|p2a: Qwilfish
|-supereffective|p2a: Qwilfish
|-damage|p2a: Qwilfish|15/100
|
|upkeep
|turn|5
|
|t:|1711938645
|switch|p2a: Whimsicott|Whimsicott, M|100/100
|-damage|p2a: Whimsicott|88/100|[from] Stealth Rock
|move|p1a: Palossand|Shore Up|p1a: Palossand
|-heal|p1a: Palossand|100/100
|
|upkeep
|turn|6
|
|t:|1711938651
|switch|p1a: Charizard|Charizard, F|100/100
|move|p2a: Whimsicott|Moonblast|p1a: Charizard
|-resisted|p1a: Charizard
|-damage|p1a: Charizard|67/100
|-unboost|p1a: Charizard|spa|1
|
|upkeep
|turn|7
|
|t:|1711938663
|switch|p2a: Hitmonchan|Hitmonchan, M|100/100
|-damage|p2a: Hitmonchan|95/100|[from] Stealth Rock
|move|p1a: Charizard|Hurricane|p2a: Hitmonchan|[miss]
|-miss|p1a: Charizard|p2a: Hitmonchan
|
|upkeep
|turn|8
|
|t:|1711938670
|move|p1a: Charizard|Hurricane|p2a: Hitmonchan|[miss]
|-miss|p1a: Charizard|p2a: Hitmonchan
|move|p2a: Hitmonchan|Knock Off|p1a: Charizard
|-damage|p1a: Charizard|19/100
|-enditem|p1a: Charizard|Heavy-Duty Boots|[from] move: Knock Off|[of] p2a: Hitmonchan
|
|upkeep
|turn|9
|
|t:|1711938676
|move|p1a: Charizard|Will-O-Wisp|p2a: Hitmonchan
|-status|p2a: Hitmonchan|brn
|move|p2a: Hitmonchan|Rapid Spin|p1a: Charizard
|-damage|p1a: Charizard|7/100
|-boost|p2a: Hitmonchan|spe|1
|-sideend|p2: Ggezbb|Stealth Rock|[from] move: Rapid Spin|[of] p2a: Hitmonchan
|
|-damage|p2a: Hitmonchan|89/100 brn|[from] brn
|upkeep
|turn|10
|
|t:|1711938685
|switch|p1a: Decidueye|Decidueye-Hisui, M|100/100
|move|p2a: Hitmonchan|Knock Off|p1a: Decidueye
|-resisted|p1a: Decidueye
|-crit|p1a: Decidueye
|-damage|p1a: Decidueye|90/100
|-enditem|p1a: Decidueye|Heavy-Duty Boots|[from] move: Knock Off|[of] p2a: Hitmonchan
|
|-damage|p2a: Hitmonchan|83/100 brn|[from] brn
|upkeep
|turn|11
|c|☆GraveDiggaMountain|so unfair
|
|t:|1711938699
|switch|p2a: Whimsicott|Whimsicott, M|88/100
|move|p1a: Decidueye|Defog|p2a: Whimsicott
|-unboost|p2a: Whimsicott|evasion|1
|-sideend|p1: GraveDiggaMountain|Spikes|[from] move: Defog|[of] p1a: Decidueye
|
|upkeep
|turn|12
|
|t:|1711938728
|switch|p1a: Snorlax|Snorlax, M|100/100
|move|p2a: Whimsicott|Moonblast|p1a: Snorlax
|-damage|p1a: Snorlax|76/100
|
|upkeep
|turn|13
|
|t:|1711938739
|switch|p2a: Qwilfish|Qwilfish-Hisui, M|15/100
|-ability|p2a: Qwilfish|Intimidate|boost
|-unboost|p1a: Snorlax|atk|1
|move|p1a: Snorlax|Body Slam|p2a: Qwilfish
|-damage|p2a: Qwilfish|0 fnt
|-damage|p1a: Snorlax|59/100|[from] item: Rocky Helmet|[of] p2a: Qwilfish
|faint|p2a: Qwilfish
|
|upkeep
|inactive|Ggezbb has 120 seconds left.
|
|t:|1711938765
|switch|p2a: Hitmonchan|Hitmonchan, M|83/100 brn
|turn|14
|inactive|GraveDiggaMountain has 120 seconds left.
|
|t:|1711938807
|switch|p1a: Palossand|Palossand, F|100/100
|move|p2a: Hitmonchan|Knock Off|p1a: Palossand
|-supereffective|p1a: Palossand
|-damage|p1a: Palossand|81/100
|-damage|p2a: Hitmonchan|66/100 brn|[from] item: Rocky Helmet|[of] p1a: Palossand
|-enditem|p1a: Palossand|Rocky Helmet|[from] move: Knock Off|[of] p2a: Hitmonchan
|
|-damage|p2a: Hitmonchan|60/100 brn|[from] brn
|upkeep
|turn|15
|
|t:|1711938824
|switch|p2a: Oricorio|Oricorio, F|100/100
|move|p1a: Palossand|Stealth Rock|p2a: Oricorio
|-sidestart|p2: Ggezbb|move: Stealth Rock
|
|upkeep
|turn|16
|inactive|GraveDiggaMountain has 120 seconds left.
|
|t:|1711938829
|switch|p1a: Snorlax|Snorlax, M|59/100
|move|p2a: Oricorio|Quiver Dance|p2a: Oricorio
|-boost|p2a: Oricorio|spa|1
|-boost|p2a: Oricorio|spd|1
|-boost|p2a: Oricorio|spe|1
|
|upkeep
|turn|17
|
|t:|1711938838
|move|p2a: Oricorio|Air Slash|p1a: Snorlax
|-damage|p1a: Snorlax|37/100
|move|p1a: Snorlax|Body Slam|p2a: Oricorio
|-damage|p2a: Oricorio|48/100
|-status|p2a: Oricorio|par
|
|upkeep
|turn|18
|
|t:|1711938844
|move|p2a: Oricorio|Air Slash|p1a: Snorlax|[miss]
|-miss|p2a: Oricorio|p1a: Snorlax
|move|p1a: Snorlax|Rest|p1a: Snorlax
|-status|p1a: Snorlax|slp|[from] move: Rest
|-heal|p1a: Snorlax|100/100 slp|[silent]
|-enditem|p1a: Snorlax|Chesto Berry|[eat]
|-curestatus|p1a: Snorlax|slp|[msg]
|
|upkeep
|turn|19
|
|t:|1711938851
|move|p2a: Oricorio|Roost|p2a: Oricorio
|-heal|p2a: Oricorio|98/100 par
|-singleturn|p2a: Oricorio|move: Roost
|move|p1a: Snorlax|Body Slam|p2a: Oricorio
|-crit|p2a: Oricorio
|-damage|p2a: Oricorio|26/100 par
|
|upkeep
|turn|20
|
|t:|1711938861
|move|p2a: Oricorio|Air Slash|p1a: Snorlax
|-damage|p1a: Snorlax|75/100
|move|p1a: Snorlax|Curse|p1a: Snorlax
|-unboost|p1a: Snorlax|spe|1
|-boost|p1a: Snorlax|atk|1
|-boost|p1a: Snorlax|def|1
|
|upkeep
|turn|21
|
|t:|1711938876
|switch|p2a: Dudunsparce|Dudunsparce-Three-Segment, F|100/100
|-damage|p2a: Dudunsparce|88/100|[from] Stealth Rock
|move|p1a: Snorlax|Body Slam|p2a: Dudunsparce
|-damage|p2a: Dudunsparce|59/100
|-status|p2a: Dudunsparce|par
|
|-heal|p2a: Dudunsparce|65/100 par|[from] item: Leftovers
|upkeep
|turn|22
|
|t:|1711938882
|move|p1a: Snorlax|Body Slam|p2a: Dudunsparce
|-damage|p2a: Dudunsparce|36/100 par
|move|p2a: Dudunsparce|Dragon Tail|p1a: Snorlax
|-damage|p1a: Snorlax|66/100
|drag|p1a: Morpeko|Morpeko, M|100/100
|
|-heal|p2a: Dudunsparce|42/100 par|[from] item: Leftovers
|-formechange|p1a: Morpeko|Morpeko-Hangry||[from] ability: Hunger Switch
|upkeep
|turn|23
|
|t:|1711938888
|move|p1a: Morpeko|Aura Wheel|p2a: Dudunsparce
|-damage|p2a: Dudunsparce|0 fnt
|-boost|p1a: Morpeko|spe|1
|faint|p2a: Dudunsparce
|
|-formechange|p1a: Morpeko|Morpeko||[from] ability: Hunger Switch
|upkeep
|
|t:|1711938895
|switch|p2a: Hitmonchan|Hitmonchan, M|60/100 brn
|-damage|p2a: Hitmonchan|54/100 brn|[from] Stealth Rock
|turn|24
|
|t:|1711938899
|move|p2a: Hitmonchan|Mach Punch|p1a: Morpeko
|-supereffective|p1a: Morpeko
|-damage|p1a: Morpeko|51/100
|move|p1a: Morpeko|Aura Wheel|p2a: Hitmonchan
|-damage|p2a: Hitmonchan|0 fnt
|-boost|p1a: Morpeko|spe|1
|faint|p2a: Hitmonchan
|
|-formechange|p1a: Morpeko|Morpeko-Hangry||[from] ability: Hunger Switch
|upkeep
|
|t:|1711938907
|switch|p2a: Whimsicott|Whimsicott, M|88/100
|-damage|p2a: Whimsicott|76/100|[from] Stealth Rock
|turn|25
|
|t:|1711938911
|-terastallize|p1a: Morpeko|Dark
|-terastallize|p2a: Whimsicott|Fairy
|move|p1a: Morpeko|Aura Wheel|p2a: Whimsicott
|-resisted|p2a: Whimsicott
|-damage|p2a: Whimsicott|0 fnt
|-boost|p1a: Morpeko|spe|1
|faint|p2a: Whimsicott
|
|upkeep
|-message|Ggezbb forfeited.
|
|win|GraveDiggaMountain
|raw|GraveDiggaMountain's rating: 1355 &rarr; <strong>1375</strong><br />(+20 for winning)
|raw|Ggezbb's rating: 1357 &rarr; <strong>1337</strong><br />(-20 for losing)
|c|☆GraveDiggaMountain|POWER
|l|☆Ggezbb
|player|p2|
