{"id":"gen9pu-2093304353","format":"[Gen 9] PU","players":["h1lly","iamwillll"],"log":"|j|\u2606h1lly\n|j|\u2606iamwillll\n|t:|1711936925\n|gametype|singles\n|player|p1|h1lly|265|1420\n|player|p2|iamwillll|roughneck|1207\n|teamsize|p1|6\n|teamsize|p2|6\n|gen|9\n|tier|[Gen 9] PU\n|rated|\n|rule|Species Clause: Limit one of each Pok\u00e9mon\n|rule|OHKO Clause: OHKO moves are banned\n|rule|Evasion Items Clause: Evasion items are banned\n|rule|Evasion Moves Clause: Evasion moves are banned\n|rule|Endless Battle Clause: Forcing endless battles is banned\n|rule|HP Percentage Mod: HP is shown in percentages\n|rule|Sleep Moves Clause: Sleep-inducing moves are banned\n|clearpoke\n|poke|p1|Hitmonchan, M|\n|poke|p1|Cramorant, M|\n|poke|p1|Skuntank, F|\n|poke|p1|Palossand, M|\n|poke|p1|Whimsicott, M|\n|poke|p1|Typhlosion, F|\n|poke|p2|Porygon2|\n|poke|p2|Hariyama, M|\n|poke|p2|Jolteon, M|\n|poke|p2|Sceptile, M|\n|poke|p2|Typhlosion, M|\n|poke|p2|Malamar, F|\n|teampreview\n|c|\u2606iamwillll|gl hf\n|c|\u2606h1lly|glhf\n|\n|t:|1711936971\n|start\n|switch|p1a: Hitmonchan|Hitmonchan, M|100\/100\n|switch|p2a: Jolteon|Jolteon, M|100\/100\n|turn|1\n|\n|t:|1711936987\n|move|p2a: Jolteon|Volt Switch|p1a: Hitmonchan\n|-damage|p1a: Hitmonchan|82\/100\n|inactive|Battle timer is ON: inactive players will automatically lose when time's up. (requested by h1lly)\n|\n|t:|1711937033\n|switch|p2a: Malamar|Malamar, F|100\/100|[from] Volt Switch\n|move|p1a: Hitmonchan|Drain Punch|p2a: Malamar\n|-damage|p2a: Malamar|53\/100\n|-heal|p1a: Hitmonchan|100\/100|[from] drain|[of] p2a: Malamar\n|\n|-heal|p2a: Malamar|59\/100|[from] item: Leftovers\n|upkeep\n|turn|2\n|\n|t:|1711937059\n|switch|p1a: Cramorant|Cramorant, M|100\/100\n|-terastallize|p2a: Malamar|Stellar\n|move|p2a: Malamar|Tera Blast|p1a: Cramorant|[anim] Tera Blast Stellar\n|-damage|p1a: Cramorant|65\/100\n|-boost|p2a: Malamar|atk|1\n|-boost|p2a: Malamar|spa|1\n|\n|-heal|p2a: Malamar|65\/100|[from] item: Leftovers\n|upkeep\n|turn|3\n|inactive|iamwillll has 120 seconds left.\n|\n|t:|1711937075\n|move|p2a: Malamar|Knock Off|p1a: Cramorant\n|-damage|p1a: Cramorant|0 fnt\n|-damage|p2a: Malamar|48\/100|[from] item: Rocky Helmet|[of] p1a: Cramorant\n|-enditem|p1a: Cramorant|Rocky Helmet|[from] move: Knock Off|[of] p2a: Malamar\n|faint|p1a: Cramorant\n|\n|-heal|p2a: Malamar|54\/100|[from] item: Leftovers\n|upkeep\n|\n|t:|1711937085\n|switch|p1a: Typhlosion|Typhlosion, F|100\/100\n|turn|4\n|\n|t:|1711937098\n|switch|p2a: OG|Porygon2|100\/100\n|-ability|p2a: OG|Flash Fire|[from] ability: Trace|[of] p1a: Typhlosion\n|move|p1a: Typhlosion|Eruption|p2a: OG\n|-start|p2a: OG|ability: Flash Fire\n|\n|upkeep\n|turn|5\n|\n|t:|1711937109\n|switch|p1a: Hitmonchan|Hitmonchan, M|100\/100\n|move|p2a: OG|Thunder Wave|p1a: Hitmonchan\n|-status|p1a: Hitmonchan|par\n|\n|upkeep\n|turn|6\n|inactive|iamwillll has 120 seconds left.\n|\n|t:|1711937140\n|-end|p2a: OG|ability: Flash Fire|[silent]\n|switch|p2a: Malamar|Malamar, F, tera:Stellar|54\/100\n|cant|p1a: Hitmonchan|par\n|\n|-heal|p2a: Malamar|60\/100|[from] item: Leftovers\n|upkeep\n|turn|7\n|inactive|iamwillll has 120 seconds left.\n|inactive|h1lly has 120 seconds left.\n|\n|t:|1711937174\n|move|p2a: Malamar|Tera Blast|p1a: Hitmonchan|[anim] Tera Blast Stellar\n|-damage|p1a: Hitmonchan|64\/100 par\n|-boost|p2a: Malamar|atk|1\n|-boost|p2a: Malamar|spa|1\n|move|p1a: Hitmonchan|Drain Punch|p2a: Malamar\n|-damage|p2a: Malamar|14\/100\n|-heal|p1a: Hitmonchan|88\/100 par|[from] drain|[of] p2a: Malamar\n|\n|-heal|p2a: Malamar|20\/100|[from] item: Leftovers\n|upkeep\n|turn|8\n|inactive|iamwillll has 120 seconds left.\n|inactive|h1lly has 120 seconds left.\n|inactive|iamwillll has 90 seconds left.\n|\n|t:|1711937211\n|switch|p1a: Skuntank|Skuntank, F|100\/100\n|move|p2a: Malamar|Tera Blast|p1a: Skuntank|[anim] Tera Blast Stellar\n|-damage|p1a: Skuntank|59\/100\n|-boost|p2a: Malamar|atk|1\n|-boost|p2a: Malamar|spa|1\n|\n|-heal|p2a: Malamar|26\/100|[from] item: Leftovers\n|-heal|p1a: Skuntank|65\/100|[from] item: Leftovers\n|upkeep\n|turn|9\n|inactive|h1lly has 120 seconds left.\n|inactive|iamwillll has 90 seconds left.\n|\n|t:|1711937233\n|move|p2a: Malamar|Substitute|p2a: Malamar\n|-start|p2a: Malamar|Substitute\n|-damage|p2a: Malamar|1\/100\n|move|p1a: Skuntank|Knock Off|p2a: Malamar\n|-end|p2a: Malamar|Substitute\n|\n|-heal|p2a: Malamar|7\/100|[from] item: Leftovers\n|-heal|p1a: Skuntank|71\/100|[from] item: Leftovers\n|upkeep\n|turn|10\n|\n|t:|1711937249\n|move|p1a: Skuntank|Sucker Punch|p2a: Malamar\n|-damage|p2a: Malamar|0 fnt\n|faint|p2a: Malamar\n|\n|-heal|p1a: Skuntank|77\/100|[from] item: Leftovers\n|upkeep\n|inactive|iamwillll has 60 seconds left.\n|\n|t:|1711937296\n|switch|p2a: Hariyama|Hariyama, M|100\/100\n|turn|11\n|\n|t:|1711937303\n|switch|p1a: Palossand|Palossand, M|100\/100\n|move|p2a: Hariyama|Drain Punch|p1a: Palossand\n|-immune|p1a: Palossand\n|\n|upkeep\n|turn|12\n|\n|t:|1711937313\n|switch|p2a: Sceptile|Sceptile, M|100\/100\n|move|p1a: Palossand|Stealth Rock|p2a: Sceptile\n|-sidestart|p2: iamwillll|move: Stealth Rock\n|\n|upkeep\n|turn|13\n|\n|t:|1711937322\n|switch|p1a: Whimsicott|Whimsicott, M|100\/100\n|move|p2a: Sceptile|Scale Shot|p1a: Whimsicott\n|-immune|p1a: Whimsicott\n|\n|upkeep\n|turn|14\n|\n|t:|1711937341\n|move|p2a: Sceptile|Bullet Seed|p1a: Whimsicott\n|-resisted|p1a: Whimsicott\n|-damage|p1a: Whimsicott|96\/100\n|-resisted|p1a: Whimsicott\n|-damage|p1a: Whimsicott|91\/100\n|-resisted|p1a: Whimsicott\n|-damage|p1a: Whimsicott|87\/100\n|-resisted|p1a: Whimsicott\n|-damage|p1a: Whimsicott|82\/100\n|-hitcount|p1a: Whimsicott|4\n|move|p1a: Whimsicott|U-turn|p2a: Sceptile\n|-supereffective|p2a: Sceptile\n|-damage|p2a: Sceptile|61\/100\n|\n|t:|1711937353\n|switch|p1a: Typhlosion|Typhlosion, F|100\/100|[from] U-turn\n|\n|upkeep\n|turn|15\n|\n|t:|1711937358\n|switch|p1a: Hitmonchan|Hitmonchan, M|88\/100 par\n|switch|p2a: OG|Porygon2|100\/100\n|-damage|p2a: OG|88\/100|[from] Stealth Rock\n|-ability|p2a: OG|Iron Fist|[from] ability: Trace|[of] p1a: Hitmonchan\n|\n|upkeep\n|turn|16\n|inactive|iamwillll has 60 seconds left.\n|\n|t:|1711937367\n|switch|p2a: Hariyama|Hariyama, M|100\/100\n|-damage|p2a: Hariyama|94\/100|[from] Stealth Rock\n|move|p1a: Hitmonchan|Drain Punch|p2a: Hariyama\n|-damage|p2a: Hariyama|52\/100\n|-heal|p1a: Hitmonchan|100\/100 par|[from] drain|[of] p2a: Hariyama\n|\n|upkeep\n|turn|17\n|inactive|iamwillll has 60 seconds left.\n|\n|t:|1711937385\n|switch|p1a: Palossand|Palossand, M|100\/100\n|move|p2a: Hariyama|Belly Drum|p2a: Hariyama\n|-damage|p2a: Hariyama|2\/100\n|-setboost|p2a: Hariyama|atk|6|[from] move: Belly Drum\n|-enditem|p2a: Hariyama|Sitrus Berry|[eat]\n|-heal|p2a: Hariyama|27\/100|[from] item: Sitrus Berry\n|\n|upkeep\n|turn|18\n|inactive|iamwillll has 60 seconds left.\n|\n|t:|1711937394\n|move|p2a: Hariyama|Knock Off|p1a: Palossand\n|-supereffective|p1a: Palossand\n|-damage|p1a: Palossand|0 fnt\n|-enditem|p1a: Palossand|Leftovers|[from] move: Knock Off|[of] p2a: Hariyama\n|faint|p1a: Palossand\n|\n|upkeep\n|\n|t:|1711937407\n|switch|p1a: Typhlosion|Typhlosion, F|100\/100\n|turn|19\n|\n|t:|1711937412\n|move|p2a: Hariyama|Bullet Punch|p1a: Typhlosion\n|-resisted|p1a: Typhlosion\n|-damage|p1a: Typhlosion|58\/100\n|move|p1a: Typhlosion|Overheat|p2a: Hariyama\n|-damage|p2a: Hariyama|0 fnt\n|-unboost|p1a: Typhlosion|spa|2\n|faint|p2a: Hariyama\n|\n|upkeep\n|\n|t:|1711937421\n|switch|p2a: Jolteon|Jolteon, M|100\/100\n|turn|20\n|\n|t:|1711937426\n|switch|p1a: Whimsicott|Whimsicott, M|82\/100\n|move|p2a: Jolteon|Volt Switch|p1a: Whimsicott\n|-resisted|p1a: Whimsicott\n|-damage|p1a: Whimsicott|62\/100\n|\n|t:|1711937442\n|switch|p2a: OG|Porygon2|88\/100|[from] Volt Switch\n|-damage|p2a: OG|76\/100|[from] Stealth Rock\n|-ability|p2a: OG|Prankster|[from] ability: Trace|[of] p1a: Whimsicott\n|\n|-heal|p1a: Whimsicott|68\/100|[from] item: Leftovers\n|upkeep\n|turn|21\n|\n|t:|1711937450\n|move|p2a: OG|Thunder Wave|p1a: Whimsicott\n|-status|p1a: Whimsicott|par\n|move|p1a: Whimsicott|U-turn|p2a: OG\n|-damage|p2a: OG|68\/100\n|\n|t:|1711937455\n|switch|p1a: Hitmonchan|Hitmonchan, M|100\/100 par|[from] U-turn\n|\n|upkeep\n|turn|22\n|inactive|iamwillll has 90 seconds left.\n|\n|t:|1711937463\n|switch|p2a: Jolteon|Jolteon, M|100\/100\n|move|p1a: Hitmonchan|Drain Punch|p2a: Jolteon\n|-damage|p2a: Jolteon|24\/100\n|\n|upkeep\n|turn|23\n|\n|t:|1711937468\n|move|p2a: Jolteon|Thunderbolt|p1a: Hitmonchan\n|-damage|p1a: Hitmonchan|77\/100 par\n|move|p1a: Hitmonchan|Rapid Spin|p2a: Jolteon\n|-damage|p2a: Jolteon|0 fnt\n|-boost|p1a: Hitmonchan|spe|1\n|faint|p2a: Jolteon\n|\n|upkeep\n|\n|t:|1711937480\n|switch|p2a: Sceptile|Sceptile, M|61\/100\n|-damage|p2a: Sceptile|49\/100|[from] Stealth Rock\n|turn|24\n|\n|t:|1711937491\n|switch|p1a: Whimsicott|Whimsicott, M|68\/100 par\n|move|p2a: Sceptile|Swords Dance|p2a: Sceptile\n|-boost|p2a: Sceptile|atk|2\n|\n|-heal|p1a: Whimsicott|74\/100 par|[from] item: Leftovers\n|upkeep\n|turn|25\n|\n|t:|1711937504\n|move|p1a: Whimsicott|Encore|p2a: Sceptile\n|-start|p2a: Sceptile|Encore\n|move|p2a: Sceptile|Swords Dance|p2a: Sceptile\n|-boost|p2a: Sceptile|atk|2\n|\n|-heal|p1a: Whimsicott|80\/100 par|[from] item: Leftovers\n|upkeep\n|turn|26\n|\n|t:|1711937512\n|move|p2a: Sceptile|Swords Dance|p2a: Sceptile\n|-boost|p2a: Sceptile|atk|2\n|move|p1a: Whimsicott|U-turn|p2a: Sceptile\n|-supereffective|p2a: Sceptile\n|-damage|p2a: Sceptile|8\/100\n|\n|t:|1711937517\n|switch|p1a: Skuntank|Skuntank, F|77\/100|[from] U-turn\n|\n|-heal|p1a: Skuntank|83\/100|[from] item: Leftovers\n|upkeep\n|turn|27\n|\n|t:|1711937528\n|move|p2a: Sceptile|Swords Dance|p2a: Sceptile\n|-boost|p2a: Sceptile|atk|0\n|move|p1a: Skuntank|Knock Off|p2a: Sceptile\n|-damage|p2a: Sceptile|0 fnt\n|-enditem|p2a: Sceptile|Loaded Dice|[from] move: Knock Off|[of] p1a: Skuntank\n|faint|p2a: Sceptile\n|\n|-heal|p1a: Skuntank|90\/100|[from] item: Leftovers\n|upkeep\n|\n|t:|1711937537\n|switch|p2a: Typhlosion|Typhlosion, M|100\/100\n|-damage|p2a: Typhlosion|76\/100|[from] Stealth Rock\n|turn|28\n|\n|t:|1711937542\n|move|p1a: Skuntank|Sucker Punch|p2a: Typhlosion\n|-damage|p2a: Typhlosion|42\/100\n|move|p2a: Typhlosion|Scorching Sands|p1a: Skuntank\n|-supereffective|p1a: Skuntank\n|-damage|p1a: Skuntank|31\/100\n|\n|-heal|p1a: Skuntank|38\/100|[from] item: Leftovers\n|upkeep\n|turn|29\n|inactive|iamwillll has 120 seconds left.\n|\n|t:|1711937549\n|switch|p1a: Hitmonchan|Hitmonchan, M|77\/100 par\n|move|p2a: Typhlosion|Scorching Sands|p1a: Hitmonchan\n|-damage|p1a: Hitmonchan|63\/100 par\n|\n|upkeep\n|turn|30\n|\n|t:|1711937556\n|move|p2a: Typhlosion|Scorching Sands|p1a: Hitmonchan\n|-damage|p1a: Hitmonchan|49\/100 par\n|move|p1a: Hitmonchan|Drain Punch|p2a: Typhlosion\n|-crit|p2a: Typhlosion\n|-damage|p2a: Typhlosion|0 fnt\n|-heal|p1a: Hitmonchan|70\/100 par|[from] drain|[of] p2a: Typhlosion\n|faint|p2a: Typhlosion\n|\n|upkeep\n|\n|t:|1711937563\n|switch|p2a: OG|Porygon2|68\/100\n|-damage|p2a: OG|56\/100|[from] Stealth Rock\n|-ability|p2a: OG|Iron Fist|[from] ability: Trace|[of] p1a: Hitmonchan\n|turn|31\n|\n|t:|1711937569\n|move|p2a: OG|Tri Attack|p1a: Hitmonchan\n|-damage|p1a: Hitmonchan|52\/100 par\n|move|p1a: Hitmonchan|Drain Punch|p2a: OG\n|-supereffective|p2a: OG\n|-damage|p2a: OG|6\/100\n|-heal|p1a: Hitmonchan|83\/100 par|[from] drain|[of] p2a: OG\n|\n|upkeep\n|turn|32\n|c|\u2606iamwillll|gg\n|\n|t:|1711937576\n|move|p2a: OG|Tri Attack|p1a: Hitmonchan\n|-damage|p1a: Hitmonchan|68\/100 par\n|move|p1a: Hitmonchan|Knock Off|p2a: OG\n|-damage|p2a: OG|0 fnt\n|-enditem|p2a: OG|Eviolite|[from] move: Knock Off|[of] p1a: Hitmonchan\n|faint|p2a: OG\n|\n|win|h1lly\n|raw|h1lly's rating: 1420 &rarr; <strong>1429<\/strong><br \/>(+9 for winning)\n|raw|iamwillll's rating: 1207 &rarr; <strong>1196<\/strong><br \/>(-11 for losing)\n|l|\u2606h1lly\n|player|p1|\n|l|\u2606iamwillll\n|player|p2|\n","uploadtime":1711937907,"views":1,"formatid":"gen9pu","rating":1196,"private":0,"password":null}