{"id":"gen9pu-2093315077","format":"[Gen 9] PU","players":["wizardfrogg","JizanPU"],"log":"|j|\u2606wizardfrogg\n|j|\u2606JizanPU\n|t:|1711938260\n|gametype|singles\n|player|p1|wizardfrogg|drayden|1187\n|player|p2|JizanPU|clerk|1258\n|teamsize|p1|6\n|teamsize|p2|6\n|gen|9\n|tier|[Gen 9] PU\n|rated|\n|rule|Species Clause: Limit one of each Pok\u00e9mon\n|rule|OHKO Clause: OHKO moves are banned\n|rule|Evasion Items Clause: Evasion items are banned\n|rule|Evasion Moves Clause: Evasion moves are banned\n|rule|Endless Battle Clause: Forcing endless battles is banned\n|rule|HP Percentage Mod: HP is shown in percentages\n|rule|Sleep Moves Clause: Sleep-inducing moves are banned\n|clearpoke\n|poke|p1|Vikavolt, F|\n|poke|p1|Floatzel, M|\n|poke|p1|Bombirdier, F|\n|poke|p1|Hariyama, M|\n|poke|p1|Houndstone, M|\n|poke|p1|Farigiraf, F|\n|poke|p2|Lycanroc, M|\n|poke|p2|Shaymin|\n|poke|p2|Braviary, M|\n|poke|p2|Lapras, F|\n|poke|p2|Jolteon, F|\n|poke|p2|Bronzong|\n|teampreview\n|c|\u2606JizanPU|glhf\n|c|\u2606wizardfrogg|u2\n|inactive|Battle timer is ON: inactive players will automatically lose when time's up. (requested by JizanPU)\n|\n|t:|1711938296\n|start\n|switch|p1a: Houndstone|Houndstone, M|100\/100\n|switch|p2a: Bronzong|Bronzong|100\/100\n|turn|1\n|\n|t:|1711938303\n|switch|p2a: Braviary|Braviary, M|100\/100\n|move|p1a: Houndstone|Will-O-Wisp|p2a: Braviary\n|-status|p2a: Braviary|brn\n|\n|-damage|p2a: Braviary|94\/100 brn|[from] brn\n|upkeep\n|turn|2\n|inactive|wizardfrogg has 120 seconds left.\n|inactive|JizanPU has 120 seconds left.\n|\n|t:|1711938336\n|switch|p1a: Bombirdier|Bombirdier, F|100\/100\n|move|p2a: Braviary|Brave Bird|p1a: Bombirdier\n|-damage|p1a: Bombirdier|57\/100\n|-damage|p2a: Braviary|84\/100 brn|[from] Recoil\n|\n|-damage|p2a: Braviary|78\/100 brn|[from] brn\n|upkeep\n|turn|3\n|inactive|wizardfrogg has 120 seconds left.\n|inactive|JizanPU has 120 seconds left.\n|\n|t:|1711938354\n|switch|p2a: Bronzong|Bronzong|100\/100\n|move|p1a: Bombirdier|Stealth Rock|p2a: Bronzong\n|-sidestart|p2: JizanPU|move: Stealth Rock\n|\n|upkeep\n|turn|4\n|\n|t:|1711938362\n|move|p1a: Bombirdier|Knock Off|p2a: Bronzong\n|-supereffective|p2a: Bronzong\n|-damage|p2a: Bronzong|30\/100\n|-damage|p1a: Bombirdier|40\/100|[from] item: Rocky Helmet|[of] p2a: Bronzong\n|-enditem|p2a: Bronzong|Rocky Helmet|[from] move: Knock Off|[of] p1a: Bombirdier\n|move|p2a: Bronzong|Stealth Rock|p1a: Bombirdier\n|-sidestart|p1: wizardfrogg|move: Stealth Rock\n|\n|upkeep\n|turn|5\n|\n|t:|1711938372\n|move|p1a: Bombirdier|Parting Shot|p2a: Bronzong\n|-unboost|p2a: Bronzong|atk|1\n|-unboost|p2a: Bronzong|spa|1\n|\n|t:|1711938379\n|switch|p1a: Houndstone|Houndstone, M|100\/100|[from] Parting Shot\n|-damage|p1a: Houndstone|88\/100|[from] Stealth Rock\n|move|p2a: Bronzong|Ice Spinner|p1a: Houndstone\n|-damage|p1a: Houndstone|81\/100\n|\n|-heal|p1a: Houndstone|87\/100|[from] item: Leftovers\n|upkeep\n|turn|6\n|\n|t:|1711938396\n|move|p1a: Houndstone|Shadow Sneak|p2a: Bronzong\n|-supereffective|p2a: Bronzong\n|-damage|p2a: Bronzong|5\/100\n|move|p2a: Bronzong|Gyro Ball|p1a: Houndstone\n|-damage|p1a: Houndstone|78\/100\n|\n|-heal|p1a: Houndstone|84\/100|[from] item: Leftovers\n|upkeep\n|turn|7\n|\n|t:|1711938406\n|move|p1a: Houndstone|Shadow Sneak|p2a: Bronzong\n|-supereffective|p2a: Bronzong\n|-damage|p2a: Bronzong|0 fnt\n|faint|p2a: Bronzong\n|\n|-heal|p1a: Houndstone|90\/100|[from] item: Leftovers\n|upkeep\n|\n|t:|1711938412\n|switch|p2a: Braviary|Braviary, M|78\/100 brn\n|turn|8\n|inactive|wizardfrogg has 120 seconds left.\n|\n|t:|1711938449\n|switch|p1a: Bombirdier|Bombirdier, F|40\/100\n|move|p2a: Braviary|Defog|p1a: Bombirdier\n|-unboost|p1a: Bombirdier|evasion|1\n|-sideend|p1: wizardfrogg|Stealth Rock|[from] move: Defog|[of] p2a: Braviary\n|-sideend|p2: JizanPU|Stealth Rock|[from] move: Defog|[of] p2a: Braviary\n|\n|-damage|p2a: Braviary|72\/100 brn|[from] brn\n|upkeep\n|turn|9\n|\n|t:|1711938464\n|move|p1a: Bombirdier|Brave Bird|p2a: Braviary\n|-damage|p2a: Braviary|18\/100 brn\n|-damage|p1a: Bombirdier|15\/100|[from] Recoil\n|move|p2a: Braviary|Brave Bird|p1a: Bombirdier\n|-damage|p1a: Bombirdier|0 fnt\n|faint|p1a: Bombirdier\n|-damage|p2a: Braviary|15\/100 brn|[from] Recoil\n|\n|-damage|p2a: Braviary|9\/100 brn|[from] brn\n|upkeep\n|\n|t:|1711938470\n|switch|p1a: Floatzel|Floatzel, M|100\/100\n|turn|10\n|\n|t:|1711938482\n|switch|p2a: Lapras|Lapras, F, shiny|100\/100\n|move|p1a: Floatzel|Flip Turn|p2a: Lapras\n|-immune|p2a: Lapras|[from] ability: Water Absorb\n|\n|upkeep\n|turn|11\n|\n|t:|1711938491\n|switch|p1a: Hariyama|Hariyama, M|100\/100\n|move|p2a: Lapras|Freeze-Dry|p1a: Hariyama\n|-damage|p1a: Hariyama|89\/100\n|\n|upkeep\n|turn|12\n|inactive|wizardfrogg has 120 seconds left.\n|\n|t:|1711938501\n|move|p2a: Lapras|Alluring Voice|p1a: Hariyama\n|-supereffective|p1a: Hariyama\n|-damage|p1a: Hariyama|52\/100\n|move|p1a: Hariyama|Knock Off|p2a: Lapras\n|-crit|p2a: Lapras\n|-damage|p2a: Lapras|58\/100\n|-enditem|p2a: Lapras|Assault Vest|[from] move: Knock Off|[of] p1a: Hariyama\n|\n|upkeep\n|turn|13\n|inactive|wizardfrogg has 120 seconds left.\n|\n|t:|1711938532\n|-terastallize|p1a: Hariyama|Steel\n|move|p1a: Hariyama|Bullet Punch|p2a: Lapras\n|-damage|p2a: Lapras|40\/100\n|move|p2a: Lapras|Alluring Voice|p1a: Hariyama\n|-resisted|p1a: Hariyama\n|-damage|p1a: Hariyama|43\/100\n|\n|upkeep\n|turn|14\n|\n|t:|1711938540\n|move|p2a: Lapras|Thunderbolt|p1a: Hariyama\n|-damage|p1a: Hariyama|22\/100\n|move|p1a: Hariyama|Close Combat|p2a: Lapras\n|-supereffective|p2a: Lapras\n|-crit|p2a: Lapras\n|-damage|p2a: Lapras|0 fnt\n|-unboost|p1a: Hariyama|def|1\n|-unboost|p1a: Hariyama|spd|1\n|faint|p2a: Lapras\n|\n|upkeep\n|\n|t:|1711938551\n|switch|p2a: Braviary|Braviary, M|9\/100 brn\n|turn|15\n|\n|t:|1711938556\n|move|p1a: Hariyama|Bullet Punch|p2a: Braviary\n|-damage|p2a: Braviary|0 fnt\n|faint|p2a: Braviary\n|\n|upkeep\n|\n|t:|1711938565\n|switch|p2a: Jolteon|Jolteon, F, shiny|100\/100\n|turn|16\n|\n|t:|1711938572\n|switch|p1a: Vikavolt|Vikavolt, F|100\/100\n|move|p2a: Jolteon|Volt Switch|p1a: Vikavolt\n|-resisted|p1a: Vikavolt\n|-damage|p1a: Vikavolt|65\/100\n|\n|t:|1711938578\n|switch|p2a: Lycanroc|Lycanroc, M|100\/100|[from] Volt Switch\n|\n|upkeep\n|turn|17\n|\n|t:|1711938586\n|switch|p1a: Houndstone|Houndstone, M|90\/100\n|move|p2a: Lycanroc|Accelerock|p1a: Houndstone\n|-damage|p1a: Houndstone|75\/100\n|\n|-heal|p1a: Houndstone|81\/100|[from] item: Leftovers\n|upkeep\n|turn|18\n|\n|t:|1711938596\n|switch|p2a: Shaymin|Shaymin, shiny|100\/100\n|move|p1a: Houndstone|Poltergeist|p2a: Shaymin\n|-activate|p2a: Shaymin|move: Poltergeist|Choice Scarf\n|-damage|p2a: Shaymin|60\/100\n|\n|-heal|p1a: Houndstone|87\/100|[from] item: Leftovers\n|upkeep\n|turn|19\n|\n|t:|1711938626\n|move|p2a: Shaymin|Seed Flare|p1a: Houndstone\n|-damage|p1a: Houndstone|52\/100\n|-unboost|p1a: Houndstone|spd|2\n|move|p1a: Houndstone|Poltergeist|p2a: Shaymin|[miss]\n|-miss|p1a: Houndstone|p2a: Shaymin\n|\n|-heal|p1a: Houndstone|58\/100|[from] item: Leftovers\n|upkeep\n|turn|20\n|\n|t:|1711938635\n|switch|p1a: Vikavolt|Vikavolt, F|65\/100\n|move|p2a: Shaymin|Seed Flare|p1a: Vikavolt\n|-resisted|p1a: Vikavolt\n|-damage|p1a: Vikavolt|29\/100\n|-unboost|p1a: Vikavolt|spd|2\n|\n|upkeep\n|turn|21\n|\n|t:|1711938643\n|move|p2a: Shaymin|Seed Flare|p1a: Vikavolt\n|-resisted|p1a: Vikavolt\n|-damage|p1a: Vikavolt|0 fnt\n|faint|p1a: Vikavolt\n|\n|upkeep\n|\n|t:|1711938647\n|switch|p1a: Farigiraf|Farigiraf, F|100\/100\n|turn|22\n|\n|t:|1711938652\n|switch|p2a: Jolteon|Jolteon, F, shiny|100\/100\n|move|p1a: Farigiraf|Psychic|p2a: Jolteon\n|-damage|p2a: Jolteon|4\/100\n|\n|upkeep\n|turn|23\n|\n|t:|1711938658\n|move|p2a: Jolteon|Discharge|p1a: Farigiraf\n|-damage|p1a: Farigiraf|46\/100\n|move|p1a: Farigiraf|Psychic|p2a: Jolteon\n|-damage|p2a: Jolteon|0 fnt\n|faint|p2a: Jolteon\n|\n|upkeep\n|\n|t:|1711938669\n|switch|p2a: Lycanroc|Lycanroc, M|100\/100\n|turn|24\n|\n|t:|1711938676\n|switch|p1a: Houndstone|Houndstone, M|58\/100\n|move|p2a: Lycanroc|Crunch|p1a: Houndstone\n|-supereffective|p1a: Houndstone\n|-damage|p1a: Houndstone|21\/100\n|\n|-heal|p1a: Houndstone|28\/100|[from] item: Leftovers\n|upkeep\n|turn|25\n|\n|t:|1711938683\n|move|p2a: Lycanroc|Crunch|p1a: Houndstone\n|-supereffective|p1a: Houndstone\n|-damage|p1a: Houndstone|0 fnt\n|faint|p1a: Houndstone\n|\n|upkeep\n|\n|t:|1711938688\n|switch|p1a: Floatzel|Floatzel, M|100\/100\n|turn|26\n|\n|t:|1711938698\n|switch|p2a: Shaymin|Shaymin, shiny|60\/100\n|move|p1a: Floatzel|Ice Spinner|p2a: Shaymin\n|-supereffective|p2a: Shaymin\n|-damage|p2a: Shaymin|0 fnt\n|faint|p2a: Shaymin\n|\n|upkeep\n|\n|t:|1711938705\n|switch|p2a: Lycanroc|Lycanroc, M|100\/100\n|turn|27\n|\n|t:|1711938719\n|switch|p1a: Farigiraf|Farigiraf, F|46\/100\n|-terastallize|p2a: Lycanroc|Psychic\n|move|p2a: Lycanroc|Close Combat|p1a: Farigiraf\n|-damage|p1a: Farigiraf|0 fnt\n|-unboost|p2a: Lycanroc|def|1\n|-unboost|p2a: Lycanroc|spd|1\n|faint|p1a: Farigiraf\n|\n|upkeep\n|\n|t:|1711938737\n|switch|p1a: Hariyama|Hariyama, M, tera:Steel|22\/100\n|turn|28\n|\n|t:|1711938740\n|move|p1a: Hariyama|Bullet Punch|p2a: Lycanroc\n|-damage|p2a: Lycanroc|50\/100\n|move|p2a: Lycanroc|Close Combat|p1a: Hariyama\n|-supereffective|p1a: Hariyama\n|-damage|p1a: Hariyama|0 fnt\n|-unboost|p2a: Lycanroc|def|1\n|-unboost|p2a: Lycanroc|spd|1\n|faint|p1a: Hariyama\n|\n|upkeep\n|\n|t:|1711938744\n|switch|p1a: Floatzel|Floatzel, M|100\/100\n|turn|29\n|\n|t:|1711938751\n|move|p1a: Floatzel|Aqua Jet|p2a: Lycanroc\n|-damage|p2a: Lycanroc|0 fnt\n|faint|p2a: Lycanroc\n|\n|win|wizardfrogg\n|raw|wizardfrogg's rating: 1187 &rarr; <strong>1217<\/strong><br \/>(+30 for winning)\n|raw|JizanPU's rating: 1258 &rarr; <strong>1228<\/strong><br \/>(-30 for losing)\n|c|\u2606wizardfrogg|gg\n|l|\u2606wizardfrogg\n|player|p1|\n|c|\u2606JizanPU|gg\n","uploadtime":1711939125,"views":0,"formatid":"gen9pu","rating":1217,"private":0,"password":null}