|j|☆Any Given Squirtle
|j|☆T2 is papa
|t:|1711938982
|gametype|singles
|player|p1|Any Given Squirtle|pryce|1044
|player|p2|T2 is papa|265|1100
|teamsize|p1|3
|teamsize|p2|6
|gen|9
|tier|[Gen 9] PU
|rated|
|rule|Species Clause: Limit one of each Pokémon
|rule|OHKO Clause: OHKO moves are banned
|rule|Evasion Items Clause: Evasion items are banned
|rule|Evasion Moves Clause: Evasion moves are banned
|rule|Endless Battle Clause: Forcing endless battles is banned
|rule|HP Percentage Mod: HP is shown in percentages
|rule|Sleep Moves Clause: Sleep-inducing moves are banned
|clearpoke
|poke|p1|Lanturn, M|
|poke|p1|Honchkrow, F|
|poke|p1|Leavanny, M|
|poke|p2|Alcremie-Salted-Cream, F|
|poke|p2|Regirock|
|poke|p2|Bruxish, M|
|poke|p2|Houndoom, M|
|poke|p2|Rotom-Mow|
|poke|p2|Dusknoir, M|
|teampreview
|inactive|Battle timer is ON: inactive players will automatically lose when time's up. (requested by T2 is papa)
|inactive|T2 is papa has 120 seconds left.
|
|t:|1711939022
|start
|switch|p1a: Lanturn|Lanturn, M|100/100
|switch|p2a: Regirock|Regirock, shiny|100/100
|turn|1
|
|t:|1711939033
|switch|p2a: Alcremie|Alcremie-Salted-Cream, F, shiny|100/100
|move|p1a: Lanturn|Agility|p1a: Lanturn
|-boost|p1a: Lanturn|spe|2
|
|upkeep
|turn|2
|
|t:|1711939047
|move|p1a: Lanturn|Thunderbolt|p2a: Alcremie
|-damage|p2a: Alcremie|66/100
|move|p2a: Alcremie|Calm Mind|p2a: Alcremie
|-boost|p2a: Alcremie|spa|1
|-boost|p2a: Alcremie|spd|1
|
|-heal|p2a: Alcremie|72/100|[from] item: Leftovers
|upkeep
|turn|3
|
|t:|1711939055
|move|p1a: Lanturn|Scald|p2a: Alcremie
|-damage|p2a: Alcremie|54/100
|move|p2a: Alcremie|Calm Mind|p2a: Alcremie
|-boost|p2a: Alcremie|spa|1
|-boost|p2a: Alcremie|spd|1
|
|-heal|p2a: Alcremie|60/100|[from] item: Leftovers
|upkeep
|turn|4
|
|t:|1711939059
|-terastallize|p1a: Lanturn|Poison
|move|p1a: Lanturn|Tera Blast|p2a: Alcremie|[anim] Tera Blast Poison
|-supereffective|p2a: Alcremie
|-damage|p2a: Alcremie|30/100
|move|p2a: Alcremie|Calm Mind|p2a: Alcremie
|-boost|p2a: Alcremie|spa|1
|-boost|p2a: Alcremie|spd|1
|
|-heal|p2a: Alcremie|36/100|[from] item: Leftovers
|upkeep
|turn|5
|
|t:|1711939065
|move|p1a: Lanturn|Tera Blast|p2a: Alcremie|[anim] Tera Blast Poison
|-supereffective|p2a: Alcremie
|-damage|p2a: Alcremie|12/100
|move|p2a: Alcremie|Draining Kiss|p1a: Lanturn
|-resisted|p1a: Lanturn
|-damage|p1a: Lanturn|67/100
|-heal|p2a: Alcremie|42/100|[from] drain|[of] p1a: Lanturn
|
|-heal|p2a: Alcremie|48/100|[from] item: Leftovers
|upkeep
|turn|6
|
|t:|1711939073
|move|p1a: Lanturn|Tera Blast|p2a: Alcremie|[anim] Tera Blast Poison
|-supereffective|p2a: Alcremie
|-damage|p2a: Alcremie|26/100
|move|p2a: Alcremie|Draining Kiss|p1a: Lanturn
|-resisted|p1a: Lanturn
|-damage|p1a: Lanturn|32/100
|-heal|p2a: Alcremie|57/100|[from] drain|[of] p1a: Lanturn
|
|-heal|p2a: Alcremie|63/100|[from] item: Leftovers
|upkeep
|turn|7
|
|t:|1711939083
|-terastallize|p2a: Alcremie|Steel
|move|p1a: Lanturn|Scald|p2a: Alcremie
|-damage|p2a: Alcremie|51/100
|move|p2a: Alcremie|Calm Mind|p2a: Alcremie
|-boost|p2a: Alcremie|spa|1
|-boost|p2a: Alcremie|spd|1
|
|-heal|p2a: Alcremie|57/100|[from] item: Leftovers
|upkeep
|turn|8
|
|t:|1711939095
|move|p1a: Lanturn|Thunderbolt|p2a: Alcremie
|-damage|p2a: Alcremie|46/100
|move|p2a: Alcremie|Stored Power|p1a: Lanturn
|-supereffective|p1a: Lanturn
|-damage|p1a: Lanturn|0 fnt
|faint|p1a: Lanturn
|
|-heal|p2a: Alcremie|52/100|[from] item: Leftovers
|upkeep
|-message|Any Given Squirtle forfeited.
|
|win|T2 is papa
|raw|Any Given Squirtle's rating: 1044 &rarr; <strong>1030</strong><br />(-14 for losing)
|raw|T2 is papa's rating: 1100 &rarr; <strong>1121</strong><br />(+21 for winning)
|l|☆Any Given Squirtle
|player|p1|
