{"id":"gen9pu-2093373006","format":"[Gen 9] PU","players":["chemawatson03","ragazzosole"],"log":"|j|\u2606chemawatson03\n|j|\u2606ragazzosole\n|t:|1711946441\n|gametype|singles\n|player|p1|chemawatson03|n|1196\n|player|p2|ragazzosole|alder|1156\n|teamsize|p1|6\n|teamsize|p2|6\n|gen|9\n|tier|[Gen 9] PU\n|rated|\n|rule|Species Clause: Limit one of each Pok\u00e9mon\n|rule|OHKO Clause: OHKO moves are banned\n|rule|Evasion Items Clause: Evasion items are banned\n|rule|Evasion Moves Clause: Evasion moves are banned\n|rule|Endless Battle Clause: Forcing endless battles is banned\n|rule|HP Percentage Mod: HP is shown in percentages\n|rule|Sleep Moves Clause: Sleep-inducing moves are banned\n|clearpoke\n|poke|p1|Alcremie, F|\n|poke|p1|Mabosstiff, M|\n|poke|p1|Eelektross, M|\n|poke|p1|Weezing, F|\n|poke|p1|Hitmonchan, M|\n|poke|p1|Charizard, F|\n|poke|p2|Qwilfish-Hisui, F|\n|poke|p2|Porygon2|\n|poke|p2|Jolteon, M|\n|poke|p2|Hitmonchan, M|\n|poke|p2|Mismagius, M|\n|poke|p2|Rampardos, M|\n|teampreview\n|inactive|Battle timer is ON: inactive players will automatically lose when time's up. (requested by ragazzosole)\n|\n|t:|1711946448\n|start\n|switch|p1a: Eelektross|Eelektross, M|100\/100\n|switch|p2a: Rampardos|Rampardos, M|100\/100\n|-ability|p2a: Rampardos|Mold Breaker\n|turn|1\n|\n|t:|1711946452\n|move|p2a: Rampardos|Head Smash|p1a: Eelektross\n|-damage|p1a: Eelektross|0 fnt\n|faint|p1a: Eelektross\n|-damage|p2a: Rampardos|45\/100|[from] Recoil\n|\n|upkeep\n|\n|t:|1711946459\n|switch|p1a: Mabosstiff|Mabosstiff, M|100\/100\n|turn|2\n|\n|t:|1711946464\n|move|p1a: Mabosstiff|Crunch|p2a: Rampardos\n|-damage|p2a: Rampardos|0 fnt\n|faint|p2a: Rampardos\n|\n|upkeep\n|\n|t:|1711946467\n|switch|p2a: Hitmonchan|Hitmonchan, M|100\/100\n|turn|3\n|\n|t:|1711946471\n|switch|p1a: Weezing|Weezing, F|100\/100\n|move|p2a: Hitmonchan|Rapid Spin|p1a: Weezing\n|-damage|p1a: Weezing|91\/100\n|-boost|p2a: Hitmonchan|spe|1\n|\n|-heal|p1a: Weezing|97\/100|[from] item: Black Sludge\n|upkeep\n|turn|4\n|\n|t:|1711946480\n|switch|p2a: Porygon2|Porygon2|100\/100\n|-ability|p2a: Porygon2|Download|boost\n|-boost|p2a: Porygon2|spa|1\n|move|p1a: Weezing|Will-O-Wisp|p2a: Porygon2\n|-status|p2a: Porygon2|brn\n|\n|-heal|p1a: Weezing|100\/100|[from] item: Black Sludge\n|-damage|p2a: Porygon2|94\/100 brn|[from] brn\n|upkeep\n|turn|5\n|\n|t:|1711946491\n|switch|p1a: Hitmonchan|Hitmonchan, M|100\/100\n|move|p2a: Porygon2|Ice Beam|p1a: Hitmonchan\n|-crit|p1a: Hitmonchan\n|-damage|p1a: Hitmonchan|66\/100\n|\n|-damage|p2a: Porygon2|88\/100 brn|[from] brn\n|upkeep\n|turn|6\n|\n|t:|1711946495\n|move|p1a: Hitmonchan|Knock Off|p2a: Porygon2\n|-damage|p2a: Porygon2|73\/100 brn\n|-enditem|p2a: Porygon2|Eviolite|[from] move: Knock Off|[of] p1a: Hitmonchan\n|move|p2a: Porygon2|Discharge|p1a: Hitmonchan\n|-damage|p1a: Hitmonchan|44\/100\n|\n|-damage|p2a: Porygon2|67\/100 brn|[from] brn\n|upkeep\n|turn|7\n|\n|t:|1711946501\n|move|p1a: Hitmonchan|Drain Punch|p2a: Porygon2\n|-supereffective|p2a: Porygon2\n|-damage|p2a: Porygon2|0 fnt\n|-heal|p1a: Hitmonchan|85\/100|[from] drain|[of] p2a: Porygon2\n|faint|p2a: Porygon2\n|\n|upkeep\n|\n|t:|1711946506\n|switch|p2a: Qwilfish|Qwilfish-Hisui, F|100\/100\n|-ability|p2a: Qwilfish|Intimidate|boost\n|-unboost|p1a: Hitmonchan|atk|1\n|turn|8\n|\n|t:|1711946510\n|switch|p1a: Weezing|Weezing, F|100\/100\n|-terastallize|p2a: Qwilfish|Water\n|move|p2a: Qwilfish|Liquidation|p1a: Weezing\n|-damage|p1a: Weezing|64\/100\n|\n|-heal|p1a: Weezing|70\/100|[from] item: Black Sludge\n|upkeep\n|turn|9\n|\n|t:|1711946520\n|switch|p2a: Mismagius|Mismagius, M|100\/100\n|move|p1a: Weezing|Will-O-Wisp|p2a: Mismagius\n|-status|p2a: Mismagius|brn\n|\n|-heal|p1a: Weezing|76\/100|[from] item: Black Sludge\n|-damage|p2a: Mismagius|94\/100 brn|[from] brn\n|upkeep\n|turn|10\n|\n|t:|1711946523\n|switch|p1a: Mabosstiff|Mabosstiff, M|100\/100\n|move|p2a: Mismagius|Calm Mind|p2a: Mismagius\n|-boost|p2a: Mismagius|spa|1\n|-boost|p2a: Mismagius|spd|1\n|\n|-damage|p2a: Mismagius|88\/100 brn|[from] brn\n|upkeep\n|turn|11\n|\n|t:|1711946531\n|switch|p2a: Qwilfish|Qwilfish-Hisui, F, tera:Water|100\/100\n|-ability|p2a: Qwilfish|Intimidate|boost\n|-unboost|p1a: Mabosstiff|atk|1\n|move|p1a: Mabosstiff|Crunch|p2a: Qwilfish\n|-crit|p2a: Qwilfish\n|-damage|p2a: Qwilfish|0 fnt\n|faint|p2a: Qwilfish\n|\n|upkeep\n|-message|ragazzosole forfeited.\n|\n|win|chemawatson03\n|raw|chemawatson03's rating: 1196 &rarr; <strong>1218<\/strong><br \/>(+22 for winning)\n|raw|ragazzosole's rating: 1156 &rarr; <strong>1134<\/strong><br \/>(-22 for losing)\n|l|\u2606ragazzosole\n|player|p2|\n|l|\u2606chemawatson03\n|player|p1|\n","uploadtime":1711946904,"views":0,"formatid":"gen9pu","rating":1134,"private":0,"password":null}