{"id":"gen5randombattle-2093352788","format":"[Gen 5] Random Battle","players":["Kenny_Dio","ShortCircuit714"],"log":"|j|\u2606Kenny_Dio\n|j|\u2606ShortCircuit714\n|t:|1711943250\n|gametype|singles\n|player|p1|Kenny_Dio|giovanni-gen1rb|1519\n|player|p2|ShortCircuit714|266|1407\n|teamsize|p1|6\n|teamsize|p2|6\n|gen|5\n|tier|[Gen 5] Random Battle\n|rated|\n|rule|Sleep Clause Mod: Limit one foe put to sleep\n|rule|HP Percentage Mod: HP is shown in percentages\n|rule|Illusion Level Mod: Illusion disguises the Pok\u00e9mon's true level\n|\n|t:|1711943250\n|start\n|switch|p1a: Manaphy|Manaphy, L76|277\/277\n|switch|p2a: Alomomola|Alomomola, L86, M|424\/424\n|turn|1\n|\n|t:|1711943336\n|move|p1a: Manaphy|Tail Glow|p1a: Manaphy\n|-boost|p1a: Manaphy|spa|3\n|move|p2a: Alomomola|Toxic|p1a: Manaphy\n|-status|p1a: Manaphy|tox\n|\n|-damage|p1a: Manaphy|260\/277 tox|[from] psn\n|upkeep\n|turn|2\n|inactive|Battle timer is ON: inactive players will automatically lose when time's up. (requested by Kenny_Dio)\n|\n|t:|1711943345\n|switch|p2a: Thundurus|Thundurus-Therian, L79, M|254\/254\n|move|p1a: Manaphy|Tail Glow|p1a: Manaphy\n|-boost|p1a: Manaphy|spa|3\n|\n|-heal|p1a: Manaphy|277\/277 tox|[from] item: Leftovers\n|-damage|p1a: Manaphy|243\/277 tox|[from] psn\n|upkeep\n|turn|3\n|\n|t:|1711943360\n|switch|p1a: Pachirisu|Pachirisu, L92, M|260\/260\n|move|p2a: Thundurus|Thunderbolt|p1a: Pachirisu\n|-immune|p1a: Pachirisu|[from] ability: Volt Absorb\n|\n|upkeep\n|turn|4\n|\n|t:|1711943389\n|switch|p2a: Krookodile|Krookodile, L80, F|283\/283\n|-ability|p2a: Krookodile|Intimidate|boost\n|-unboost|p1a: Pachirisu|atk|1\n|move|p1a: Pachirisu|Toxic|p2a: Krookodile|[miss]\n|-miss|p1a: Pachirisu|p2a: Krookodile\n|\n|upkeep\n|turn|5\n|\n|t:|1711943395\n|move|p1a: Pachirisu|U-turn|p2a: Krookodile\n|-supereffective|p2a: Krookodile\n|-damage|p2a: Krookodile|223\/283\n|\n|t:|1711943399\n|switch|p1a: Carnivine|Carnivine, L97, M|301\/301|[from] U-turn\n|move|p2a: Krookodile|Stealth Rock|p1a: Carnivine\n|-sidestart|p1: Kenny_Dio|move: Stealth Rock\n|\n|upkeep\n|turn|6\n|\n|t:|1711943407\n|switch|p2a: Thundurus|Thundurus-Therian, L79, M|254\/254\n|move|p1a: Carnivine|Sleep Powder|p2a: Thundurus\n|-status|p2a: Thundurus|slp|[from] move: Sleep Powder\n|\n|upkeep\n|turn|7\n|\n|t:|1711943432\n|switch|p1a: Tropius|Tropius, L91, M|328\/328\n|-damage|p1a: Tropius|246\/328|[from] Stealth Rock\n|cant|p2a: Thundurus|slp\n|\n|upkeep\n|turn|8\n|\n|t:|1711943438\n|cant|p2a: Thundurus|slp\n|move|p1a: Tropius|Substitute|p1a: Tropius\n|-start|p1a: Tropius|Substitute\n|-damage|p1a: Tropius|164\/328\n|-enditem|p1a: Tropius|Sitrus Berry|[eat]\n|-heal|p1a: Tropius|246\/328|[from] item: Sitrus Berry\n|\n|upkeep\n|turn|9\n|\n|t:|1711943445\n|cant|p2a: Thundurus|slp\n|move|p1a: Tropius|Leech Seed|p2a: Thundurus\n|-start|p2a: Thundurus|move: Leech Seed\n|\n|-damage|p2a: Thundurus|223\/254 slp|[from] Leech Seed|[of] p1a: Tropius\n|-heal|p1a: Tropius|277\/328|[silent]\n|upkeep\n|turn|10\n|\n|t:|1711943451\n|move|p1a: Tropius|Protect|p1a: Tropius\n|-singleturn|p1a: Tropius|Protect\n|-curestatus|p2a: Thundurus|slp|[msg]\n|move|p2a: Thundurus|Hidden Power|p1a: Tropius\n|-activate|p1a: Tropius|move: Protect\n|\n|-damage|p2a: Thundurus|192\/254|[from] Leech Seed|[of] p1a: Tropius\n|-heal|p1a: Tropius|308\/328|[silent]\n|upkeep\n|turn|11\n|\n|t:|1711943463\n|move|p2a: Thundurus|Hidden Power|p1a: Tropius\n|-supereffective|p1a: Tropius\n|-end|p1a: Tropius|Substitute\n|-damage|p2a: Thundurus|167\/254|[from] item: Life Orb\n|move|p1a: Tropius|Substitute|p1a: Tropius\n|-start|p1a: Tropius|Substitute\n|-damage|p1a: Tropius|226\/328\n|\n|-damage|p2a: Thundurus|136\/254|[from] Leech Seed|[of] p1a: Tropius\n|-heal|p1a: Tropius|257\/328|[silent]\n|upkeep\n|turn|12\n|\n|t:|1711943476\n|switch|p2a: Alomomola|Alomomola, L86, M|424\/424\n|move|p1a: Tropius|Protect||[still]\n|-fail|p1a: Tropius\n|\n|upkeep\n|turn|13\n|\n|t:|1711943481\n|move|p2a: Alomomola|Wish|p2a: Alomomola\n|move|p1a: Tropius|Leech Seed|p2a: Alomomola\n|-start|p2a: Alomomola|move: Leech Seed\n|\n|-damage|p2a: Alomomola|371\/424|[from] Leech Seed|[of] p1a: Tropius\n|-heal|p1a: Tropius|310\/328|[silent]\n|upkeep\n|turn|14\n|\n|t:|1711943487\n|switch|p2a: Thundurus|Thundurus-Therian, L79, M|136\/254\n|move|p1a: Tropius|Air Slash|p2a: Thundurus\n|-resisted|p2a: Thundurus\n|-damage|p2a: Thundurus|94\/254\n|\n|-heal|p2a: Thundurus|254\/254|[from] move: Wish|[wisher] Alomomola\n|-item|p1a: Tropius|Sitrus Berry|[from] ability: Harvest\n|upkeep\n|turn|15\n|\n|t:|1711943497\n|move|p2a: Thundurus|Hidden Power|p1a: Tropius\n|-supereffective|p1a: Tropius\n|-crit|p1a: Tropius\n|-end|p1a: Tropius|Substitute\n|-damage|p2a: Thundurus|229\/254|[from] item: Life Orb\n|move|p1a: Tropius|Leech Seed|p2a: Thundurus\n|-start|p2a: Thundurus|move: Leech Seed\n|\n|-damage|p2a: Thundurus|198\/254|[from] Leech Seed|[of] p1a: Tropius\n|-heal|p1a: Tropius|328\/328|[silent]\n|upkeep\n|turn|16\n|\n|t:|1711943506\n|switch|p2a: Alomomola|Alomomola, L86, M|424\/424\n|move|p1a: Tropius|Protect||[still]\n|-fail|p1a: Tropius\n|\n|upkeep\n|turn|17\n|\n|t:|1711943515\n|switch|p1a: Pachirisu|Pachirisu, L92, M|260\/260\n|-damage|p1a: Pachirisu|228\/260|[from] Stealth Rock\n|move|p2a: Alomomola|Wish|p2a: Alomomola\n|\n|-heal|p1a: Pachirisu|244\/260|[from] item: Leftovers\n|upkeep\n|turn|18\n|\n|t:|1711943522\n|switch|p2a: Dragonair|Dragonair, L88, M|251\/251\n|move|p1a: Pachirisu|Toxic|p2a: Dragonair\n|-status|p2a: Dragonair|tox\n|\n|-heal|p1a: Pachirisu|260\/260|[from] item: Leftovers\n|-activate|p2a: Dragonair|ability: Shed Skin\n|-curestatus|p2a: Dragonair|tox|[msg]\n|upkeep\n|turn|19\n|\n|t:|1711943531\n|move|p1a: Pachirisu|U-turn|p2a: Dragonair\n|-damage|p2a: Dragonair|221\/251\n|\n|t:|1711943533\n|switch|p1a: Arceus|Arceus-Dragon, L71|288\/288|[from] U-turn\n|-damage|p1a: Arceus|252\/288|[from] Stealth Rock\n|move|p2a: Dragonair|Dragon Dance|p2a: Dragonair\n|-boost|p2a: Dragonair|atk|1\n|-boost|p2a: Dragonair|spe|1\n|\n|upkeep\n|turn|20\n|\n|t:|1711943543\n|move|p2a: Dragonair|Dragon Dance|p2a: Dragonair\n|-boost|p2a: Dragonair|atk|1\n|-boost|p2a: Dragonair|spe|1\n|move|p1a: Arceus|Outrage|p2a: Dragonair\n|-supereffective|p2a: Dragonair\n|-damage|p2a: Dragonair|17\/251\n|\n|upkeep\n|turn|21\n|\n|t:|1711943551\n|move|p2a: Dragonair|Outrage|p1a: Arceus\n|-supereffective|p1a: Arceus\n|-damage|p1a: Arceus|0 fnt\n|faint|p1a: Arceus\n|\n|upkeep\n|\n|t:|1711943561\n|switch|p1a: Tropius|Tropius, L91, M|328\/328\n|-damage|p1a: Tropius|246\/328|[from] Stealth Rock\n|turn|22\n|\n|t:|1711943564\n|move|p1a: Tropius|Protect|p1a: Tropius\n|-singleturn|p1a: Tropius|Protect\n|move|p2a: Dragonair|Outrage|p1a: Tropius|[from]lockedmove\n|-activate|p1a: Tropius|move: Protect\n|-start|p2a: Dragonair|confusion|[fatigue]\n|\n|upkeep\n|turn|23\n|\n|t:|1711943572\n|switch|p2a: Alomomola|Alomomola, L86, M|424\/424\n|move|p1a: Tropius|Substitute|p1a: Tropius\n|-start|p1a: Tropius|Substitute\n|-damage|p1a: Tropius|164\/328\n|-enditem|p1a: Tropius|Sitrus Berry|[eat]\n|-heal|p1a: Tropius|246\/328|[from] item: Sitrus Berry\n|\n|upkeep\n|turn|24\n|\n|t:|1711943579\n|move|p2a: Alomomola|Wish|p2a: Alomomola\n|move|p1a: Tropius|Leech Seed|p2a: Alomomola\n|-start|p2a: Alomomola|move: Leech Seed\n|\n|-damage|p2a: Alomomola|371\/424|[from] Leech Seed|[of] p1a: Tropius\n|-heal|p1a: Tropius|299\/328|[silent]\n|-item|p1a: Tropius|Sitrus Berry|[from] ability: Harvest\n|upkeep\n|turn|25\n|\n|t:|1711943585\n|switch|p2a: Thundurus|Thundurus-Therian, L79, M|198\/254\n|move|p1a: Tropius|Air Slash|p2a: Thundurus\n|-resisted|p2a: Thundurus\n|-damage|p2a: Thundurus|152\/254\n|\n|-heal|p2a: Thundurus|254\/254|[from] move: Wish|[wisher] Alomomola\n|upkeep\n|turn|26\n|\n|t:|1711943594\n|switch|p2a: Alomomola|Alomomola, L86, M|424\/424\n|move|p1a: Tropius|Leech Seed|p2a: Alomomola\n|-start|p2a: Alomomola|move: Leech Seed\n|\n|-damage|p2a: Alomomola|371\/424|[from] Leech Seed|[of] p1a: Tropius\n|-heal|p1a: Tropius|328\/328|[silent]\n|upkeep\n|turn|27\n|\n|t:|1711943604\n|move|p2a: Alomomola|Wish|p2a: Alomomola\n|move|p1a: Tropius|Air Slash|p2a: Alomomola\n|-crit|p2a: Alomomola\n|-damage|p2a: Alomomola|151\/424\n|\n|-damage|p2a: Alomomola|98\/424|[from] Leech Seed|[of] p1a: Tropius\n|upkeep\n|turn|28\n|\n|t:|1711943610\n|switch|p2a: Krookodile|Krookodile, L80, F|223\/283\n|-ability|p2a: Krookodile|Intimidate|boost\n|-immune|p1a: Tropius\n|move|p1a: Tropius|Air Slash|p2a: Krookodile\n|-damage|p2a: Krookodile|123\/283\n|\n|-heal|p2a: Krookodile|283\/283|[from] move: Wish|[wisher] Alomomola\n|upkeep\n|turn|29\n|\n|t:|1711943618\n|switch|p2a: Alomomola|Alomomola, L86, M|239\/424\n|move|p1a: Tropius|Leech Seed|p2a: Alomomola\n|-start|p2a: Alomomola|move: Leech Seed\n|\n|-damage|p2a: Alomomola|186\/424|[from] Leech Seed|[of] p1a: Tropius\n|upkeep\n|turn|30\n|\n|t:|1711943625\n|switch|p2a: Thundurus|Thundurus-Therian, L79, M|254\/254\n|move|p1a: Tropius|Air Slash|p2a: Thundurus\n|-resisted|p2a: Thundurus\n|-damage|p2a: Thundurus|212\/254\n|\n|upkeep\n|turn|31\n|\n|t:|1711943631\n|switch|p2a: Alomomola|Alomomola, L86, M|327\/424\n|move|p1a: Tropius|Leech Seed|p2a: Alomomola\n|-start|p2a: Alomomola|move: Leech Seed\n|\n|-damage|p2a: Alomomola|274\/424|[from] Leech Seed|[of] p1a: Tropius\n|upkeep\n|turn|32\n|\n|t:|1711943637\n|switch|p2a: Thundurus|Thundurus-Therian, L79, M|212\/254\n|move|p1a: Tropius|Air Slash|p2a: Thundurus|[miss]\n|-miss|p1a: Tropius|p2a: Thundurus\n|\n|upkeep\n|turn|33\n|\n|t:|1711943642\n|switch|p2a: Alomomola|Alomomola, L86, M|415\/424\n|move|p1a: Tropius|Leech Seed|p2a: Alomomola\n|-start|p2a: Alomomola|move: Leech Seed\n|\n|-damage|p2a: Alomomola|362\/424|[from] Leech Seed|[of] p1a: Tropius\n|upkeep\n|turn|34\n|\n|t:|1711943650\n|switch|p2a: Thundurus|Thundurus-Therian, L79, M|212\/254\n|move|p1a: Tropius|Leech Seed|p2a: Thundurus\n|-start|p2a: Thundurus|move: Leech Seed\n|\n|-damage|p2a: Thundurus|181\/254|[from] Leech Seed|[of] p1a: Tropius\n|upkeep\n|turn|35\n|\n|t:|1711943657\n|switch|p2a: Alomomola|Alomomola, L86, M|424\/424\n|move|p1a: Tropius|Air Slash|p2a: Alomomola\n|-crit|p2a: Alomomola\n|-damage|p2a: Alomomola|204\/424\n|\n|upkeep\n|turn|36\n|\n|t:|1711943664\n|switch|p2a: Thundurus|Thundurus-Therian, L79, M|181\/254\n|move|p1a: Tropius|Leech Seed|p2a: Thundurus|[miss]\n|-miss|p1a: Tropius|p2a: Thundurus\n|\n|upkeep\n|turn|37\n|\n|t:|1711943669\n|switch|p2a: Alomomola|Alomomola, L86, M|345\/424\n|move|p1a: Tropius|Leech Seed|p2a: Alomomola\n|-start|p2a: Alomomola|move: Leech Seed\n|\n|-damage|p2a: Alomomola|292\/424|[from] Leech Seed|[of] p1a: Tropius\n|upkeep\n|turn|38\n|\n|t:|1711943675\n|switch|p2a: Thundurus|Thundurus-Therian, L79, M|181\/254\n|move|p1a: Tropius|Air Slash|p2a: Thundurus\n|-resisted|p2a: Thundurus\n|-damage|p2a: Thundurus|140\/254\n|\n|upkeep\n|turn|39\n|\n|t:|1711943681\n|switch|p2a: Alomomola|Alomomola, L86, M|424\/424\n|move|p1a: Tropius|Air Slash|p2a: Alomomola\n|-damage|p2a: Alomomola|298\/424\n|\n|upkeep\n|turn|40\n|\n|t:|1711943686\n|move|p2a: Alomomola|Wish|p2a: Alomomola\n|move|p1a: Tropius|Leech Seed|p2a: Alomomola\n|-start|p2a: Alomomola|move: Leech Seed\n|\n|-damage|p2a: Alomomola|245\/424|[from] Leech Seed|[of] p1a: Tropius\n|upkeep\n|turn|41\n|\n|t:|1711943691\n|switch|p2a: Thundurus|Thundurus-Therian, L79, M|140\/254\n|move|p1a: Tropius|Air Slash|p2a: Thundurus\n|-resisted|p2a: Thundurus\n|-crit|p2a: Thundurus\n|-damage|p2a: Thundurus|46\/254\n|\n|-heal|p2a: Thundurus|254\/254|[from] move: Wish|[wisher] Alomomola\n|upkeep\n|turn|42\n|-message|Kenny_Dio forfeited.\n|\n|win|ShortCircuit714\n|raw|Kenny_Dio's rating: 1519 &rarr; <strong>1493<\/strong><br \/>(-26 for losing)\n|raw|ShortCircuit714's rating: 1407 &rarr; <strong>1433<\/strong><br \/>(+26 for winning)\n|l|\u2606Kenny_Dio\n|player|p1|\n","inputlog":">version 6cdde67ed88b47ab6b8ae5717517ae7b5d1ef27b\n>start {\"formatid\":\"gen5randombattle\",\"seed\":[20752,54667,64319,32476],\"rated\":\"Rated battle\"}\n>player p1 {\"name\":\"Kenny_Dio\",\"avatar\":\"giovanni-gen1rb\",\"rating\":1519,\"seed\":[19184,36512,36080,1342]}\n>player p2 {\"name\":\"ShortCircuit714\",\"avatar\":\"266\",\"rating\":1407,\"seed\":[26108,46099,36023,49623]}\n>p1 move tailglow\n>p2 move toxic\n>p1 move tailglow\n>p2 switch 3\n>p1 switch 2\n>p2 move thunderbolt\n>p1 move toxic\n>p2 switch 4\n>p1 move uturn\n>p2 move stealthrock\n>p1 switch 3\n>p1 move sleeppowder\n>p2 switch 4\n>p1 switch 4\n>p2 move hiddenpower\n>p1 move substitute\n>p2 move nastyplot\n>p1 move leechseed\n>p2 move hiddenpower\n>p1 move protect\n>p2 move hiddenpower\n>p1 move substitute\n>p2 move hiddenpower\n>p1 move protect\n>p2 switch 3\n>p1 move leechseed\n>p2 move wish\n>p1 move airslash\n>p2 switch 3\n>p1 move leechseed\n>p2 move hiddenpower\n>p1 move protect\n>p2 switch 3\n>p1 switch 3\n>p2 move wish\n>p1 move toxic\n>p2 switch 6\n>p1 move uturn\n>p2 move dragondance\n>p1 switch 5\n>p1 move outrage\n>p2 move dragondance\n>p1 move outrage\n>p2 move outrage\n>p1 switch 3\n>p1 move protect\n>p2 move outrage\n>p1 move substitute\n>p2 switch 6\n>p1 move leechseed\n>p2 move wish\n>p1 move airslash\n>p2 switch 3\n>p1 move leechseed\n>p2 switch 3\n>p1 move airslash\n>p2 move wish\n>p1 move airslash\n>p2 switch 4\n>p1 move leechseed\n>p2 switch 4\n>p1 move airslash\n>p2 switch 3\n>p1 move leechseed\n>p2 switch 3\n>p1 move airslash\n>p2 switch 3\n>p1 move leechseed\n>p2 switch 3\n>p1 move leechseed\n>p2 switch 3\n>p1 move airslash\n>p2 switch 3\n>p1 move leechseed\n>p2 switch 3\n>p1 move leechseed\n>p2 switch 3\n>p1 move airslash\n>p2 switch 3\n>p1 move airslash\n>p2 switch 3\n>p1 move leechseed\n>p2 move wish\n>p1 move airslash\n>p2 switch 3\n>forcelose p1","uploadtime":1711943704,"views":0,"formatid":"gen5randombattle","rating":1433,"private":0,"password":null}