{"id":"gen5randombattle-2093362513","format":"[Gen 5] Random Battle","players":["sph05468","GisoDp"],"log":"|j|\u2606sph05468\n|j|\u2606GisoDp\n|t:|1711944724\n|gametype|singles\n|player|p1|sph05468|2|1040\n|player|p2|GisoDp|wallace|1000\n|teamsize|p1|6\n|teamsize|p2|6\n|gen|5\n|tier|[Gen 5] Random Battle\n|rated|\n|rule|Sleep Clause Mod: Limit one foe put to sleep\n|rule|HP Percentage Mod: HP is shown in percentages\n|rule|Illusion Level Mod: Illusion disguises the Pok\u00e9mon's true level\n|\n|t:|1711944724\n|start\n|switch|p1a: Conkeldurr|Conkeldurr, L80, F|299\/299\n|switch|p2a: Tyranitar|Tyranitar, L80, M|291\/291\n|-weather|Sandstorm|[from] ability: Sand Stream|[of] p2a: Tyranitar\n|turn|1\n|inactive|Battle timer is ON: inactive players will automatically lose when time's up. (requested by sph05468)\n|\n|t:|1711944737\n|switch|p2a: Swellow|Swellow, L84, M|238\/238\n|move|p1a: Conkeldurr|Drain Punch|p2a: Swellow\n|-damage|p2a: Swellow|0 fnt\n|faint|p2a: Swellow\n|\n|-weather|Sandstorm|[upkeep]\n|-damage|p1a: Conkeldurr|281\/299|[from] Sandstorm\n|upkeep\n|\n|t:|1711944747\n|switch|p2a: Reuniclus|Reuniclus, L82, F|315\/315\n|turn|2\n|\n|t:|1711944765\n|switch|p1a: Stoutland|Stoutland, L87, F|290\/290\n|-ability|p1a: Stoutland|Intimidate|boost\n|-unboost|p2a: Reuniclus|atk|1\n|move|p2a: Reuniclus|Calm Mind|p2a: Reuniclus\n|-boost|p2a: Reuniclus|spa|1\n|-boost|p2a: Reuniclus|spd|1\n|\n|-weather|Sandstorm|[upkeep]\n|-damage|p1a: Stoutland|272\/290|[from] Sandstorm\n|upkeep\n|turn|3\n|\n|t:|1711944776\n|move|p1a: Stoutland|Crunch|p2a: Reuniclus\n|-supereffective|p2a: Reuniclus\n|-damage|p2a: Reuniclus|121\/315\n|move|p2a: Reuniclus|Psychic|p1a: Stoutland\n|-damage|p1a: Stoutland|58\/290\n|\n|-weather|Sandstorm|[upkeep]\n|-damage|p1a: Stoutland|40\/290|[from] Sandstorm\n|upkeep\n|turn|4\n|\n|t:|1711944787\n|switch|p2a: Dusclops|Dusclops, L85, M|207\/207\n|-ability|p2a: Dusclops|Pressure\n|move|p1a: Stoutland|Crunch|p2a: Dusclops\n|-supereffective|p2a: Dusclops\n|-crit|p2a: Dusclops\n|-damage|p2a: Dusclops|33\/207\n|\n|-weather|Sandstorm|[upkeep]\n|-damage|p1a: Stoutland|22\/290|[from] Sandstorm\n|-damage|p2a: Dusclops|21\/207|[from] Sandstorm\n|upkeep\n|turn|5\n|\n|t:|1711944798\n|move|p1a: Stoutland|Crunch|p2a: Dusclops\n|-supereffective|p2a: Dusclops\n|-damage|p2a: Dusclops|0 fnt\n|faint|p2a: Dusclops\n|\n|-weather|Sandstorm|[upkeep]\n|-damage|p1a: Stoutland|4\/290|[from] Sandstorm\n|upkeep\n|\n|t:|1711944806\n|switch|p2a: Tyranitar|Tyranitar, L80, M|291\/291\n|turn|6\n|\n|t:|1711944811\n|switch|p1a: Conkeldurr|Conkeldurr, L80, F|281\/299\n|move|p2a: Tyranitar|Dragon Dance|p2a: Tyranitar\n|-boost|p2a: Tyranitar|atk|1\n|-boost|p2a: Tyranitar|spe|1\n|\n|-weather|Sandstorm|[upkeep]\n|-damage|p1a: Conkeldurr|263\/299|[from] Sandstorm\n|upkeep\n|turn|7\n|\n|t:|1711944827\n|move|p1a: Conkeldurr|Mach Punch|p2a: Tyranitar\n|-supereffective|p2a: Tyranitar\n|-damage|p2a: Tyranitar|0 fnt\n|faint|p2a: Tyranitar\n|\n|-weather|Sandstorm|[upkeep]\n|-damage|p1a: Conkeldurr|245\/299|[from] Sandstorm\n|upkeep\n|\n|t:|1711944834\n|switch|p2a: Darkrai|Darkrai, L71|202\/202\n|turn|8\n|\n|t:|1711944840\n|move|p1a: Conkeldurr|Mach Punch|p2a: Darkrai\n|-supereffective|p2a: Darkrai\n|-damage|p2a: Darkrai|0 fnt\n|faint|p2a: Darkrai\n|\n|-weather|Sandstorm|[upkeep]\n|-damage|p1a: Conkeldurr|227\/299|[from] Sandstorm\n|upkeep\n|\n|t:|1711944850\n|switch|p2a: Reuniclus|Reuniclus, L82, F|121\/315\n|turn|9\n|\n|t:|1711944857\n|switch|p1a: Gliscor|Gliscor, L79, M|248\/248\n|move|p2a: Reuniclus|Recover|p2a: Reuniclus\n|-heal|p2a: Reuniclus|279\/315\n|\n|-weather|Sandstorm|[upkeep]\n|-status|p1a: Gliscor|tox|[from] item: Toxic Orb\n|upkeep\n|turn|10\n|\n|t:|1711944868\n|move|p1a: Gliscor|Toxic|p2a: Reuniclus\n|-status|p2a: Reuniclus|tox\n|move|p2a: Reuniclus|Calm Mind|p2a: Reuniclus\n|-boost|p2a: Reuniclus|spa|1\n|-boost|p2a: Reuniclus|spd|1\n|\n|-weather|Sandstorm|[upkeep]\n|upkeep\n|turn|11\n|\n|t:|1711944876\n|move|p1a: Gliscor|Facade|p2a: Reuniclus\n|-crit|p2a: Reuniclus\n|-damage|p2a: Reuniclus|89\/315 tox\n|move|p2a: Reuniclus|Calm Mind|p2a: Reuniclus\n|-boost|p2a: Reuniclus|spa|1\n|-boost|p2a: Reuniclus|spd|1\n|\n|-weather|Sandstorm|[upkeep]\n|upkeep\n|turn|12\n|\n|t:|1711944884\n|move|p1a: Gliscor|Facade|p2a: Reuniclus\n|-damage|p2a: Reuniclus|0 fnt\n|faint|p2a: Reuniclus\n|\n|-weather|Sandstorm|[upkeep]\n|upkeep\n|\n|t:|1711944890\n|switch|p2a: Whiscash|Whiscash, L89, F|341\/341\n|turn|13\n|\n|t:|1711944897\n|switch|p1a: Virizion|Virizion, L80|277\/277\n|move|p2a: Whiscash|Stone Edge|p1a: Virizion\n|-resisted|p1a: Virizion\n|-damage|p1a: Virizion|224\/277\n|-damage|p2a: Whiscash|307\/341|[from] item: Life Orb\n|\n|-weather|Sandstorm|[upkeep]\n|-damage|p1a: Virizion|207\/277|[from] Sandstorm\n|upkeep\n|turn|14\n|\n|t:|1711944911\n|move|p1a: Virizion|Leaf Blade|p2a: Whiscash\n|-supereffective|p2a: Whiscash\n|-damage|p2a: Whiscash|0 fnt\n|faint|p2a: Whiscash\n|-damage|p1a: Virizion|180\/277|[from] item: Life Orb\n|\n|win|sph05468\n|raw|sph05468's rating: 1040 &rarr; <strong>1070<\/strong><br \/>(+30 for winning)\n|raw|GisoDp's rating: 1000 &rarr; <strong>1000<\/strong><br \/>(+0 for losing)\n|l|\u2606GisoDp\n|player|p2|\n","inputlog":">version 6cdde67ed88b47ab6b8ae5717517ae7b5d1ef27b\n>start {\"formatid\":\"gen5randombattle\",\"seed\":[35091,35799,49638,33264],\"rated\":\"Rated battle\"}\n>player p1 {\"name\":\"sph05468\",\"avatar\":\"2\",\"rating\":1040,\"seed\":[13187,40826,5381,21965]}\n>player p2 {\"name\":\"GisoDp\",\"avatar\":\"wallace\",\"rating\":1000,\"seed\":[35215,9788,40608,17209]}\n>p1 move drainpunch\n>p2 switch 3\n>p2 switch 4\n>p1 switch 4\n>p2 move calmmind\n>p1 move crunch\n>p2 move psychic\n>p1 move crunch\n>p2 switch 2\n>p1 move crunch\n>p2 move rest\n>p2 switch 3\n>p1 switch 4\n>p2 move dragondance\n>p1 move machpunch\n>p2 move firepunch\n>p2 switch 5\n>p1 move machpunch\n>p2 move darkvoid\n>p2 switch 2\n>p1 switch 3\n>p2 move recover\n>p1 move toxic\n>p2 move calmmind\n>p1 move facade\n>p2 move calmmind\n>p1 move facade\n>p2 move recover\n>p2 switch 6\n>p1 switch 5\n>p2 move stoneedge\n>p1 move leafblade\n>p2 move earthquake","uploadtime":1711944933,"views":1,"formatid":"gen5randombattle","rating":1000,"private":0,"password":null}