{"id":"gen5randombattle-2093364004","format":"[Gen 5] Random Battle","players":["n4n34","MeRrkava"],"log":"|j|\u2606n4n34\n|j|\u2606MeRrkava\n|t:|1711944958\n|gametype|singles\n|player|p1|n4n34|cyclist-gen4|1080\n|player|p2|MeRrkava|cynthia|1042\n|teamsize|p1|6\n|teamsize|p2|6\n|gen|5\n|tier|[Gen 5] Random Battle\n|rated|\n|rule|Sleep Clause Mod: Limit one foe put to sleep\n|rule|HP Percentage Mod: HP is shown in percentages\n|rule|Illusion Level Mod: Illusion disguises the Pok\u00e9mon's true level\n|\n|t:|1711944958\n|start\n|switch|p1a: Dodrio|Dodrio, L86, M|243\/243\n|switch|p2a: Tropius|Tropius, L91, M|328\/328\n|turn|1\n|inactive|Battle timer is ON: inactive players will automatically lose when time's up. (requested by n4n34)\n|inactive|n4n34 has 120 seconds left.\n|\n|t:|1711944997\n|switch|p2a: Probopass|Probopass, L88, M|249\/249\n|-item|p2a: Probopass|Air Balloon\n|move|p1a: Dodrio|Brave Bird|p2a: Probopass\n|-resisted|p2a: Probopass\n|-damage|p2a: Probopass|218\/249\n|-enditem|p2a: Probopass|Air Balloon\n|-damage|p1a: Dodrio|233\/243|[from] Recoil\n|-damage|p1a: Dodrio|209\/243|[from] item: Life Orb\n|\n|upkeep\n|turn|2\n|\n|t:|1711945010\n|switch|p1a: Carnivine|Carnivine, L97, M|301\/301\n|move|p2a: Probopass|Thunder Wave|p1a: Carnivine\n|-status|p1a: Carnivine|par\n|\n|upkeep\n|turn|3\n|\n|t:|1711945026\n|move|p2a: Probopass|Volt Switch|p1a: Carnivine\n|-resisted|p1a: Carnivine\n|-damage|p1a: Carnivine|278\/301 par\n|\n|t:|1711945034\n|switch|p2a: Reshiram|Reshiram, L73|266\/266|[from] Volt Switch\n|-ability|p2a: Reshiram|Turboblaze\n|move|p1a: Carnivine|Power Whip|p2a: Reshiram\n|-resisted|p2a: Reshiram\n|-damage|p2a: Reshiram|223\/266\n|\n|-heal|p2a: Reshiram|239\/266|[from] item: Leftovers\n|-heal|p1a: Carnivine|296\/301 par|[from] item: Leftovers\n|upkeep\n|turn|4\n|\n|t:|1711945051\n|move|p2a: Reshiram|Flame Charge|p1a: Carnivine\n|-supereffective|p1a: Carnivine\n|-crit|p1a: Carnivine\n|-damage|p1a: Carnivine|98\/301 par\n|-boost|p2a: Reshiram|spe|1\n|move|p1a: Carnivine|Knock Off|p2a: Reshiram\n|-damage|p2a: Reshiram|218\/266\n|-enditem|p2a: Reshiram|Leftovers|[from] move: Knock Off|[of] p1a: Carnivine\n|\n|-heal|p1a: Carnivine|116\/301 par|[from] item: Leftovers\n|upkeep\n|turn|5\n|\n|t:|1711945063\n|move|p2a: Reshiram|Flame Charge|p1a: Carnivine\n|-supereffective|p1a: Carnivine\n|-damage|p1a: Carnivine|18\/301 par\n|-boost|p2a: Reshiram|spe|1\n|cant|p1a: Carnivine|par\n|\n|-heal|p1a: Carnivine|36\/301 par|[from] item: Leftovers\n|upkeep\n|turn|6\n|\n|t:|1711945072\n|move|p2a: Reshiram|Flame Charge|p1a: Carnivine\n|-supereffective|p1a: Carnivine\n|-damage|p1a: Carnivine|0 fnt\n|-boost|p2a: Reshiram|spe|1\n|faint|p1a: Carnivine\n|\n|upkeep\n|\n|t:|1711945079\n|switch|p1a: Dodrio|Dodrio, L86, M|209\/243\n|turn|7\n|\n|t:|1711945084\n|move|p2a: Reshiram|Blue Flare|p1a: Dodrio\n|-damage|p1a: Dodrio|7\/243\n|move|p1a: Dodrio|Return|p2a: Reshiram\n|-damage|p2a: Reshiram|43\/266\n|-damage|p1a: Dodrio|0 fnt|[from] item: Life Orb\n|faint|p1a: Dodrio\n|\n|upkeep\n|\n|t:|1711945092\n|switch|p1a: Crawdaunt|Crawdaunt, L85, F|246\/246\n|turn|8\n|\n|t:|1711945096\n|move|p2a: Reshiram|Draco Meteor|p1a: Crawdaunt\n|-damage|p1a: Crawdaunt|24\/246\n|-unboost|p2a: Reshiram|spa|2\n|move|p1a: Crawdaunt|Crunch|p2a: Reshiram\n|-damage|p2a: Reshiram|0 fnt\n|faint|p2a: Reshiram\n|-damage|p1a: Crawdaunt|0 fnt|[from] item: Life Orb\n|faint|p1a: Crawdaunt\n|\n|upkeep\n|\n|t:|1711945108\n|switch|p2a: Probopass|Probopass, L88, M|218\/249\n|switch|p1a: Cloyster|Cloyster, L79, M|209\/209\n|turn|9\n|\n|t:|1711945114\n|move|p1a: Cloyster|Shell Smash|p1a: Cloyster\n|-unboost|p1a: Cloyster|def|1\n|-unboost|p1a: Cloyster|spd|1\n|-boost|p1a: Cloyster|atk|2\n|-boost|p1a: Cloyster|spa|2\n|-boost|p1a: Cloyster|spe|2\n|-enditem|p1a: Cloyster|White Herb\n|-clearnegativeboost|p1a: Cloyster|[silent]\n|move|p2a: Probopass|Thunder Wave|p1a: Cloyster\n|-status|p1a: Cloyster|par\n|\n|upkeep\n|turn|10\n|\n|t:|1711945126\n|move|p2a: Probopass|Power Gem|p1a: Cloyster\n|-supereffective|p1a: Cloyster\n|-crit|p1a: Cloyster\n|-damage|p1a: Cloyster|0 fnt\n|faint|p1a: Cloyster\n|\n|upkeep\n|\n|t:|1711945131\n|switch|p1a: Pinsir|Pinsir, L86, M|252\/252\n|-ability|p1a: Pinsir|Mold Breaker\n|turn|11\n|\n|t:|1711945136\n|move|p1a: Pinsir|Stealth Rock|p2a: Probopass\n|-sidestart|p2: MeRrkava|move: Stealth Rock\n|move|p2a: Probopass|Power Gem|p1a: Pinsir\n|-supereffective|p1a: Pinsir\n|-damage|p1a: Pinsir|90\/252\n|\n|-heal|p1a: Pinsir|105\/252|[from] item: Leftovers\n|upkeep\n|turn|12\n|\n|t:|1711945144\n|move|p1a: Pinsir|Earthquake|p2a: Probopass\n|-supereffective|p2a: Probopass\n|-damage|p2a: Probopass|0 fnt\n|faint|p2a: Probopass\n|\n|-heal|p1a: Pinsir|120\/252|[from] item: Leftovers\n|upkeep\n|\n|t:|1711945159\n|switch|p2a: Granbull|Granbull, L90, M|308\/308\n|-damage|p2a: Granbull|270\/308|[from] Stealth Rock\n|-ability|p2a: Granbull|Intimidate|boost\n|-unboost|p1a: Pinsir|atk|1\n|turn|13\n|\n|t:|1711945178\n|switch|p1a: Exeggutor|Exeggutor, L88, F|308\/308\n|move|p2a: Granbull|Thunder Wave|p1a: Exeggutor\n|-status|p1a: Exeggutor|par\n|\n|-heal|p2a: Granbull|289\/308|[from] item: Leftovers\n|upkeep\n|turn|14\n|\n|t:|1711945189\n|move|p2a: Granbull|Crunch|p1a: Exeggutor\n|-supereffective|p1a: Exeggutor\n|-damage|p1a: Exeggutor|162\/308 par\n|move|p1a: Exeggutor|Leech Seed|p2a: Granbull\n|-start|p2a: Granbull|move: Leech Seed\n|\n|-heal|p2a: Granbull|308\/308|[from] item: Leftovers\n|-damage|p2a: Granbull|270\/308|[from] Leech Seed|[of] p1a: Exeggutor\n|-heal|p1a: Exeggutor|200\/308 par|[silent]\n|upkeep\n|turn|15\n|\n|t:|1711945199\n|switch|p2a: Tropius|Tropius, L91, M|328\/328\n|-damage|p2a: Tropius|246\/328|[from] Stealth Rock\n|move|p1a: Exeggutor|Substitute|p1a: Exeggutor\n|-start|p1a: Exeggutor|Substitute\n|-damage|p1a: Exeggutor|123\/308 par\n|-enditem|p1a: Exeggutor|Sitrus Berry|[eat]\n|-heal|p1a: Exeggutor|200\/308 par|[from] item: Sitrus Berry\n|\n|upkeep\n|turn|16\n|\n|t:|1711945211\n|move|p2a: Tropius|Substitute|p2a: Tropius\n|-start|p2a: Tropius|Substitute\n|-damage|p2a: Tropius|164\/328\n|-enditem|p2a: Tropius|Sitrus Berry|[eat]\n|-heal|p2a: Tropius|246\/328|[from] item: Sitrus Berry\n|move|p1a: Exeggutor|Psychic|p2a: Tropius\n|-crit|p2a: Tropius\n|-end|p2a: Tropius|Substitute\n|\n|-item|p2a: Tropius|Sitrus Berry|[from] ability: Harvest\n|-item|p1a: Exeggutor|Sitrus Berry|[from] ability: Harvest\n|upkeep\n|turn|17\n|\n|t:|1711945224\n|move|p2a: Tropius|Air Slash|p1a: Exeggutor\n|-supereffective|p1a: Exeggutor\n|-end|p1a: Exeggutor|Substitute\n|move|p1a: Exeggutor|Psychic|p2a: Tropius\n|-damage|p2a: Tropius|126\/328\n|-enditem|p2a: Tropius|Sitrus Berry|[eat]\n|-heal|p2a: Tropius|208\/328|[from] item: Sitrus Berry\n|\n|upkeep\n|turn|18\n|\n|t:|1711945233\n|move|p2a: Tropius|Air Slash|p1a: Exeggutor\n|-supereffective|p1a: Exeggutor\n|-damage|p1a: Exeggutor|12\/308 par\n|-enditem|p1a: Exeggutor|Sitrus Berry|[eat]\n|-heal|p1a: Exeggutor|89\/308 par|[from] item: Sitrus Berry\n|move|p1a: Exeggutor|Psychic|p2a: Tropius\n|-damage|p2a: Tropius|84\/328\n|\n|upkeep\n|turn|19\n|-message|n4n34 forfeited.\n|\n|win|MeRrkava\n|raw|n4n34's rating: 1080 &rarr; <strong>1056<\/strong><br \/>(-24 for losing)\n|raw|MeRrkava's rating: 1042 &rarr; <strong>1079<\/strong><br \/>(+37 for winning)\n|l|\u2606n4n34\n|player|p1|\n","inputlog":">version 6cdde67ed88b47ab6b8ae5717517ae7b5d1ef27b\n>start {\"formatid\":\"gen5randombattle\",\"seed\":[38030,32870,54578,50474],\"rated\":\"Rated battle\"}\n>player p1 {\"name\":\"n4n34\",\"avatar\":\"cyclist-gen4\",\"rating\":1080,\"seed\":[14447,57904,47609,51186]}\n>player p2 {\"name\":\"MeRrkava\",\"avatar\":\"cynthia\",\"rating\":1042,\"seed\":[65194,33422,50683,7283]}\n>p1 move bravebird\n>p2 switch 2\n>p1 switch 3\n>p2 move thunderwave\n>p1 move powerwhip\n>p2 move voltswitch\n>p2 switch 3\n>p1 move knockoff\n>p2 move flamecharge\n>p1 move sleeppowder\n>p2 move flamecharge\n>p1 move sleeppowder\n>p2 move flamecharge\n>p1 switch 3\n>p1 move return\n>p2 move blueflare\n>p1 switch 4\n>p1 move crunch\n>p2 move dracometeor\n>p1 switch 5\n>p2 switch 3\n>p1 move shellsmash\n>p2 move thunderwave\n>p1 move hydropump\n>p2 move powergem\n>p1 switch 2\n>p1 move stealthrock\n>p2 move powergem\n>p1 move earthquake\n>p2 move powergem\n>p2 switch 4\n>p1 switch 6\n>p2 move thunderwave\n>p1 move leechseed\n>p2 move crunch\n>p1 move substitute\n>p2 switch 2\n>p1 move psychic\n>p2 move substitute\n>p1 move psychic\n>p2 move airslash\n>p1 move psychic\n>p2 move airslash\n>forcelose p1","uploadtime":1711945248,"views":2,"formatid":"gen5randombattle","rating":1056,"private":0,"password":null}