|j|‽Trainer 0987
|j|☆slack daddy
|t:|1711946761
|gametype|singles
|player|p1|Trainer 0987|lady-gen4|1540
|player|p2|slack daddy|juan|1502
|teamsize|p1|6
|teamsize|p2|6
|gen|5
|tier|[Gen 5] Random Battle
|rated|
|rule|Sleep Clause Mod: Limit one foe put to sleep
|rule|HP Percentage Mod: HP is shown in percentages
|rule|Illusion Level Mod: Illusion disguises the Pokémon's true level
|
|t:|1711946761
|start
|switch|p1a: Meloetta|Meloetta, L80|291/291
|switch|p2a: Arceus|Arceus-Water, L71|288/288
|turn|1
|inactive|Battle timer is ON: inactive players will automatically lose when time's up. (requested by slack daddy)
|inactive|slack daddy has 120 seconds left.
|
|t:|1711946795
|switch|p2a: Regigigas|Regigigas, L83|233/233
|move|p1a: Meloetta|Relic Song|p2a: Regigigas
|-damage|p2a: Regigigas|65/233
|-status|p2a: Regigigas|slp|[from] move: Relic Song
|replace|p2a: Zoroark|Zoroark, L82, F
|-end|p2a: Zoroark|Illusion
|-hint|Illusion Level Mod is active, so this Pokémon's true level was hidden.
|-formechange|p1a: Meloetta|Meloetta-Pirouette|[msg]
|-damage|p1a: Meloetta|262/291|[from] item: Life Orb
|
|upkeep
|turn|2
|
|t:|1711946810
|switch|p2a: Cresselia|Cresselia, L80, F|306/306
|move|p1a: Meloetta|Return|p2a: Cresselia
|-damage|p2a: Cresselia|170/306
|-damage|p1a: Meloetta|233/291|[from] item: Life Orb
|
|-heal|p2a: Cresselia|189/306|[from] item: Leftovers
|upkeep
|turn|3
|inactive|Trainer 0987 has 120 seconds left.
|
|t:|1711946855
|switch|p1a: Furret|Furret, L92, F|306/306
|-item|p2a: Cresselia|Leftovers|[from] ability: Frisk|[of] p1a: Furret
|move|p2a: Cresselia|Substitute|p2a: Cresselia
|-start|p2a: Cresselia|Substitute
|-damage|p2a: Cresselia|113/306
|
|-heal|p2a: Cresselia|132/306|[from] item: Leftovers
|upkeep
|turn|4
|
|t:|1711946868
|move|p1a: Furret|Shadow Claw|p2a: Cresselia
|-supereffective|p2a: Cresselia
|-end|p2a: Cresselia|Substitute
|move|p2a: Cresselia|Moonlight|p2a: Cresselia
|-heal|p2a: Cresselia|285/306
|
|-heal|p2a: Cresselia|304/306|[from] item: Leftovers
|upkeep
|turn|5
|
|t:|1711946881
|switch|p1a: Meloetta|Meloetta, L80|233/291
|switch|p2a: Regigigas|Regigigas, L83|301/301
|-start|p2a: Regigigas|ability: Slow Start
|
|upkeep
|turn|6
|inactive|Trainer 0987 has 120 seconds left.
|
|t:|1711946890
|switch|p1a: Manectric|Manectric, L83, F|252/252
|move|p2a: Regigigas|Thunder Wave|p1a: Manectric
|-ability|p1a: Manectric|Lightning Rod|boost
|-boost|p1a: Manectric|spa|1
|
|upkeep
|turn|7
|
|t:|1711946903
|move|p1a: Manectric|Thunderbolt|p2a: Regigigas
|-damage|p2a: Regigigas|91/301
|move|p2a: Regigigas|Substitute|p2a: Regigigas
|-start|p2a: Regigigas|Substitute
|-damage|p2a: Regigigas|16/301
|
|-heal|p2a: Regigigas|34/301|[from] item: Leftovers
|upkeep
|turn|8
|
|t:|1711946912
|move|p1a: Manectric|Thunderbolt|p2a: Regigigas
|-end|p2a: Regigigas|Substitute
|move|p2a: Regigigas|Earthquake|p1a: Manectric
|-supereffective|p1a: Manectric
|-damage|p1a: Manectric|122/252
|
|-heal|p2a: Regigigas|52/301|[from] item: Leftovers
|upkeep
|turn|9
|
|t:|1711946927
|move|p1a: Manectric|Thunderbolt|p2a: Regigigas
|-damage|p2a: Regigigas|0 fnt
|faint|p2a: Regigigas
|-end|p2a: Regigigas|Slow Start|[silent]
|
|upkeep
|
|t:|1711946934
|switch|p2a: Cresselia|Cresselia, L80, F|304/306
|turn|10
|
|t:|1711946938
|move|p1a: Manectric|Thunderbolt|p2a: Cresselia
|-damage|p2a: Cresselia|111/306
|move|p2a: Cresselia|Calm Mind|p2a: Cresselia
|-boost|p2a: Cresselia|spa|1
|-boost|p2a: Cresselia|spd|1
|
|-heal|p2a: Cresselia|130/306|[from] item: Leftovers
|upkeep
|turn|11
|
|t:|1711946947
|switch|p1a: Furret|Furret, L92, F|306/306
|-item|p2a: Cresselia|Leftovers|[from] ability: Frisk|[of] p1a: Furret
|move|p2a: Cresselia|Moonlight|p2a: Cresselia
|-heal|p2a: Cresselia|283/306
|
|-heal|p2a: Cresselia|302/306|[from] item: Leftovers
|upkeep
|turn|12
|
|t:|1711946957
|switch|p2a: Darkrai|Darkrai, L71|217/217
|move|p1a: Furret|Double-Edge|p2a: Darkrai
|-damage|p2a: Darkrai|0 fnt
|faint|p2a: Darkrai
|-damage|p1a: Furret|234/306|[from] Recoil
|
|upkeep
|
|t:|1711946969
|switch|p2a: Arceus|Arceus-Water, L71|288/288
|turn|13
|
|t:|1711946976
|move|p1a: Furret|Double-Edge|p2a: Arceus
|-damage|p2a: Arceus|126/288
|-damage|p1a: Furret|181/306|[from] Recoil
|move|p2a: Arceus|Judgment|p1a: Furret
|-damage|p1a: Furret|33/306
|
|upkeep
|turn|14
|
|t:|1711946986
|switch|p1a: Ludicolo|Ludicolo, L86, M|278/278
|switch|p2a: Cresselia|Cresselia, L80, F|302/306
|
|-heal|p2a: Cresselia|306/306|[from] item: Leftovers
|upkeep
|turn|15
|
|t:|1711947001
|move|p2a: Cresselia|Substitute|p2a: Cresselia
|-start|p2a: Cresselia|Substitute
|-damage|p2a: Cresselia|230/306
|move|p1a: Ludicolo|Rain Dance|p1a: Ludicolo
|-weather|RainDance
|
|-weather|RainDance|[upkeep]
|-heal|p2a: Cresselia|249/306|[from] item: Leftovers
|upkeep
|turn|16
|
|t:|1711947025
|move|p1a: Ludicolo|Hydro Pump|p2a: Cresselia
|-end|p2a: Cresselia|Substitute
|-damage|p1a: Ludicolo|251/278|[from] item: Life Orb
|move|p2a: Cresselia|Calm Mind|p2a: Cresselia
|-boost|p2a: Cresselia|spa|1
|-boost|p2a: Cresselia|spd|1
|
|-weather|RainDance|[upkeep]
|-heal|p2a: Cresselia|268/306|[from] item: Leftovers
|upkeep
|turn|17
|
|t:|1711947036
|switch|p1a: Carracosta|Carracosta, L85, M|265/265
|move|p2a: Cresselia|Psyshock|p1a: Carracosta
|-damage|p1a: Carracosta|193/265
|
|-weather|RainDance|[upkeep]
|-heal|p2a: Cresselia|287/306|[from] item: Leftovers
|upkeep
|turn|18
|
|t:|1711947047
|move|p2a: Cresselia|Substitute|p2a: Cresselia
|-start|p2a: Cresselia|Substitute
|-damage|p2a: Cresselia|211/306
|move|p1a: Carracosta|Shell Smash|p1a: Carracosta
|-unboost|p1a: Carracosta|def|1
|-unboost|p1a: Carracosta|spd|1
|-boost|p1a: Carracosta|atk|2
|-boost|p1a: Carracosta|spa|2
|-boost|p1a: Carracosta|spe|2
|-enditem|p1a: Carracosta|White Herb
|-clearnegativeboost|p1a: Carracosta|[silent]
|
|-weather|RainDance|[upkeep]
|-heal|p2a: Cresselia|230/306|[from] item: Leftovers
|upkeep
|turn|19
|
|t:|1711947062
|move|p1a: Carracosta|Waterfall|p2a: Cresselia
|-end|p2a: Cresselia|Substitute
|move|p2a: Cresselia|Psyshock|p1a: Carracosta
|-damage|p1a: Carracosta|123/265
|
|-weather|none
|-heal|p2a: Cresselia|249/306|[from] item: Leftovers
|upkeep
|turn|20
|
|t:|1711947073
|move|p1a: Carracosta|Stone Edge|p2a: Cresselia|[miss]
|-miss|p1a: Carracosta|p2a: Cresselia
|move|p2a: Cresselia|Psyshock|p1a: Carracosta
|-damage|p1a: Carracosta|57/265
|
|-heal|p2a: Cresselia|268/306|[from] item: Leftovers
|upkeep
|turn|21
|
|t:|1711947081
|move|p1a: Carracosta|Waterfall|p2a: Cresselia
|-damage|p2a: Cresselia|109/306
|move|p2a: Cresselia|Psyshock|p1a: Carracosta
|-damage|p1a: Carracosta|0 fnt
|faint|p1a: Carracosta
|
|-heal|p2a: Cresselia|128/306|[from] item: Leftovers
|upkeep
|
|t:|1711947089
|switch|p1a: Furret|Furret, L92, F|33/306
|-item|p2a: Cresselia|Leftovers|[from] ability: Frisk|[of] p1a: Furret
|turn|22
|
|t:|1711947102
|move|p1a: Furret|Trick|p2a: Cresselia
|-activate|p1a: Furret|move: Trick|[of] p2a: Cresselia
|-item|p2a: Cresselia|Choice Band|[from] move: Trick
|-item|p1a: Furret|Leftovers|[from] move: Trick
|move|p2a: Cresselia|Moonlight|p2a: Cresselia
|-heal|p2a: Cresselia|281/306
|
|-heal|p1a: Furret|52/306|[from] item: Leftovers
|upkeep
|turn|23
|
|t:|1711947113
|switch|p2a: Arceus|Arceus-Water, L71|65/233 slp
|move|p1a: Furret|Double-Edge|p2a: Arceus
|-damage|p2a: Arceus|0 fnt
|replace|p2a: Zoroark|Zoroark, L82, F
|-end|p2a: Zoroark|Illusion
|faint|p2a: Zoroark
|-damage|p1a: Furret|31/306|[from] Recoil
|
|-heal|p1a: Furret|50/306|[from] item: Leftovers
|upkeep
|
|t:|1711947128
|switch|p2a: Golduck|Golduck, L87, F|281/281
|-ability|p2a: Golduck|Cloud Nine
|turn|24
|
|t:|1711947134
|move|p1a: Furret|Double-Edge|p2a: Golduck
|-damage|p2a: Golduck|139/281
|-damage|p1a: Furret|3/306|[from] Recoil
|move|p2a: Golduck|Scald|p1a: Furret
|-damage|p1a: Furret|0 fnt
|faint|p1a: Furret
|-damage|p2a: Golduck|111/281|[from] item: Life Orb
|
|upkeep
|
|t:|1711947138
|switch|p1a: Ludicolo|Ludicolo, L86, M|251/278
|turn|25
|
|t:|1711947152
|switch|p2a: Cresselia|Cresselia, L80, F|281/306
|move|p1a: Ludicolo|Rain Dance|p1a: Ludicolo
|-weather|RainDance
|
|-weather|RainDance|[upkeep]
|upkeep
|turn|26
|
|t:|1711947158
|move|p1a: Ludicolo|Hydro Pump|p2a: Cresselia
|-damage|p2a: Cresselia|100/306
|-damage|p1a: Ludicolo|224/278|[from] item: Life Orb
|move|p2a: Cresselia|Calm Mind|p2a: Cresselia
|-boost|p2a: Cresselia|spa|1
|-boost|p2a: Cresselia|spd|1
|
|-weather|RainDance|[upkeep]
|upkeep
|turn|27
|
|t:|1711947174
|move|p1a: Ludicolo|Giga Drain|p2a: Cresselia
|-damage|p2a: Cresselia|44/306
|-heal|p1a: Ludicolo|252/278|[from] drain|[of] p2a: Cresselia
|-damage|p1a: Ludicolo|225/278|[from] item: Life Orb
|move|p2a: Cresselia|Calm Mind|p2a: Cresselia
|-boost|p2a: Cresselia|spa|1
|-boost|p2a: Cresselia|spd|1
|
|-weather|RainDance|[upkeep]
|upkeep
|turn|28
|
|t:|1711947184
|move|p1a: Ludicolo|Hydro Pump|p2a: Cresselia
|-damage|p2a: Cresselia|0 fnt
|faint|p2a: Cresselia
|-damage|p1a: Ludicolo|198/278|[from] item: Life Orb
|
|-weather|RainDance|[upkeep]
|upkeep
|
|t:|1711947195
|switch|p2a: Arceus|Arceus-Water, L71|126/288
|turn|29
|
|t:|1711947198
|move|p1a: Ludicolo|Giga Drain|p2a: Arceus
|-supereffective|p2a: Arceus
|-damage|p2a: Arceus|0 fnt
|-heal|p1a: Ludicolo|261/278|[from] drain|[of] p2a: Arceus
|faint|p2a: Arceus
|-damage|p1a: Ludicolo|234/278|[from] item: Life Orb
|
|-weather|none
|upkeep
|-message|slack daddy forfeited.
|
|win|Trainer 0987
|raw|Trainer 0987's rating: 1540 &rarr; <strong>1558</strong><br />(+18 for winning)
|raw|slack daddy's rating: 1502 &rarr; <strong>1484</strong><br />(-18 for losing)
|l|☆slack daddy
|player|p2|
