{"id":"gen5randombattle-2093375287","format":"[Gen 5] Random Battle","players":["BrandonRamz","Teils"],"log":"|j|\u2606BrandonRamz\n|j|\u2606Teils\n|t:|1711946826\n|gametype|singles\n|player|p1|BrandonRamz|benga|1288\n|player|p2|Teils|101|1242\n|teamsize|p1|6\n|teamsize|p2|6\n|gen|5\n|tier|[Gen 5] Random Battle\n|rated|\n|rule|Sleep Clause Mod: Limit one foe put to sleep\n|rule|HP Percentage Mod: HP is shown in percentages\n|rule|Illusion Level Mod: Illusion disguises the Pok\u00e9mon's true level\n|\n|t:|1711946826\n|start\n|switch|p1a: Phione|Phione, L89|287\/287\n|switch|p2a: Seismitoad|Seismitoad, L85, M|317\/317\n|turn|1\n|inactive|Battle timer is ON: inactive players will automatically lose when time's up. (requested by BrandonRamz)\n|inactive|Teils has 120 seconds left.\n|inactive|Teils has 90 seconds left.\n|\n|t:|1711946890\n|switch|p1a: Togekiss|Togekiss, L81, F|270\/270\n|switch|p2a: Porygon2|Porygon2, L82|274\/274\n|-ability|p2a: Porygon2|Serene Grace|[from] ability: Trace|[of] p1a: Togekiss\n|\n|upkeep\n|turn|2\n|\n|t:|1711946906\n|move|p1a: Togekiss|Trick|p2a: Porygon2\n|-activate|p1a: Togekiss|move: Trick|[of] p2a: Porygon2\n|-item|p2a: Porygon2|Choice Scarf|[from] move: Trick\n|-item|p1a: Togekiss|Eviolite|[from] move: Trick\n|move|p2a: Porygon2|Toxic|p1a: Togekiss\n|-status|p1a: Togekiss|tox\n|\n|-damage|p1a: Togekiss|254\/270 tox|[from] psn\n|upkeep\n|turn|3\n|inactive|Teils has 120 seconds left.\n|\n|t:|1711946947\n|switch|p2a: Dusclops|Dusclops, L85, M|207\/207\n|-ability|p2a: Dusclops|Pressure\n|switch|p1a: Phione|Phione, L89|287\/287\n|\n|upkeep\n|turn|4\n|\n|t:|1711946958\n|move|p1a: Phione|Rain Dance|p1a: Phione\n|-weather|RainDance\n|move|p2a: Dusclops|Seismic Toss|p1a: Phione\n|-damage|p1a: Phione|202\/287\n|\n|-weather|RainDance|[upkeep]\n|upkeep\n|turn|5\n|\n|t:|1711946970\n|move|p1a: Phione|Toxic|p2a: Dusclops\n|-status|p2a: Dusclops|tox\n|move|p2a: Dusclops|Seismic Toss|p1a: Phione\n|-damage|p1a: Phione|117\/287\n|\n|-weather|RainDance|[upkeep]\n|-damage|p2a: Dusclops|195\/207 tox|[from] psn\n|upkeep\n|turn|6\n|\n|t:|1711946979\n|move|p1a: Phione|Scald|p2a: Dusclops\n|-damage|p2a: Dusclops|129\/207 tox\n|move|p2a: Dusclops|Seismic Toss|p1a: Phione\n|-damage|p1a: Phione|32\/287\n|\n|-weather|RainDance|[upkeep]\n|-damage|p2a: Dusclops|105\/207 tox|[from] psn\n|upkeep\n|turn|7\n|\n|t:|1711946989\n|move|p1a: Phione|Rest|p1a: Phione\n|-status|p1a: Phione|slp|[from] move: Rest\n|-heal|p1a: Phione|287\/287 slp|[silent]\n|move|p2a: Dusclops|Seismic Toss|p1a: Phione\n|-damage|p1a: Phione|202\/287 slp\n|\n|-weather|RainDance|[upkeep]\n|-activate|p1a: Phione|ability: Hydration\n|-curestatus|p1a: Phione|slp|[msg]\n|-damage|p2a: Dusclops|69\/207 tox|[from] psn\n|upkeep\n|turn|8\n|inactive|Teils has 120 seconds left.\n|\n|t:|1711947021\n|move|p1a: Phione|Scald|p2a: Dusclops\n|-crit|p2a: Dusclops\n|-damage|p2a: Dusclops|0 fnt\n|faint|p2a: Dusclops\n|\n|-weather|RainDance|[upkeep]\n|upkeep\n|\n|t:|1711947029\n|switch|p2a: Seismitoad|Seismitoad, L85, M|317\/317\n|turn|9\n|\n|t:|1711947040\n|move|p2a: Seismitoad|Earthquake|p1a: Phione\n|-damage|p1a: Phione|62\/287\n|-damage|p2a: Seismitoad|286\/317|[from] item: Life Orb\n|move|p1a: Phione|Toxic|p2a: Seismitoad\n|-status|p2a: Seismitoad|tox\n|\n|-weather|RainDance|[upkeep]\n|-damage|p2a: Seismitoad|267\/317 tox|[from] psn\n|upkeep\n|turn|10\n|\n|t:|1711947052\n|switch|p1a: Togekiss|Togekiss, L81, F|254\/270 tox\n|move|p2a: Seismitoad|Sludge Wave|p1a: Togekiss\n|-damage|p1a: Togekiss|189\/270 tox\n|-damage|p2a: Seismitoad|236\/317 tox|[from] item: Life Orb\n|\n|-weather|RainDance|[upkeep]\n|-damage|p2a: Seismitoad|198\/317 tox|[from] psn\n|-damage|p1a: Togekiss|173\/270 tox|[from] psn\n|upkeep\n|turn|11\n|inactive|Teils has 120 seconds left.\n|\n|t:|1711947070\n|move|p2a: Seismitoad|Hydro Pump|p1a: Togekiss\n|-damage|p1a: Togekiss|0 fnt\n|faint|p1a: Togekiss\n|-damage|p2a: Seismitoad|167\/317 tox|[from] item: Life Orb\n|\n|-weather|none\n|-damage|p2a: Seismitoad|110\/317 tox|[from] psn\n|upkeep\n|\n|t:|1711947080\n|switch|p1a: Omastar|Omastar, L80, M|243\/243\n|turn|12\n|inactive|Teils has 120 seconds left.\n|\n|t:|1711947108\n|switch|p2a: Politoed|Politoed, L84, M|288\/288\n|-weather|RainDance|[from] ability: Drizzle|[of] p2a: Politoed\n|move|p1a: Omastar|Shell Smash|p1a: Omastar\n|-unboost|p1a: Omastar|def|1\n|-unboost|p1a: Omastar|spd|1\n|-boost|p1a: Omastar|atk|2\n|-boost|p1a: Omastar|spa|2\n|-boost|p1a: Omastar|spe|2\n|-enditem|p1a: Omastar|White Herb\n|-clearnegativeboost|p1a: Omastar|[silent]\n|\n|-weather|RainDance|[upkeep]\n|upkeep\n|turn|13\n|\n|t:|1711947120\n|move|p1a: Omastar|Hidden Power|p2a: Politoed\n|-supereffective|p2a: Politoed\n|-damage|p2a: Politoed|114\/288\n|move|p2a: Politoed|Hidden Power|p1a: Omastar\n|-supereffective|p1a: Omastar\n|-damage|p1a: Omastar|19\/243\n|\n|-weather|RainDance|[upkeep]\n|-heal|p2a: Politoed|132\/288|[from] item: Leftovers\n|upkeep\n|turn|14\n|inactive|Teils has 120 seconds left.\n|\n|t:|1711947149\n|move|p1a: Omastar|Hidden Power|p2a: Politoed\n|-supereffective|p2a: Politoed\n|-damage|p2a: Politoed|0 fnt\n|faint|p2a: Politoed\n|\n|-weather|RainDance|[upkeep]\n|upkeep\n|\n|t:|1711947153\n|switch|p2a: Seismitoad|Seismitoad, L85, M|110\/317 tox\n|turn|15\n|\n|t:|1711947160\n|move|p1a: Omastar|Hidden Power|p2a: Seismitoad\n|-supereffective|p2a: Seismitoad\n|-crit|p2a: Seismitoad\n|-damage|p2a: Seismitoad|0 fnt\n|faint|p2a: Seismitoad\n|\n|-weather|RainDance|[upkeep]\n|upkeep\n|\n|t:|1711947169\n|switch|p2a: Porygon2|Porygon2, L82|274\/274\n|-ability|p2a: Porygon2|Swift Swim|[from] ability: Trace|[of] p1a: Omastar\n|turn|16\n|\n|t:|1711947178\n|move|p1a: Omastar|Surf|p2a: Porygon2\n|-damage|p2a: Porygon2|0 fnt\n|faint|p2a: Porygon2\n|\n|-weather|RainDance|[upkeep]\n|upkeep\n|-message|Teils forfeited.\n|\n|win|BrandonRamz\n|raw|BrandonRamz's rating: 1288 &rarr; <strong>1310<\/strong><br \/>(+22 for winning)\n|raw|Teils's rating: 1242 &rarr; <strong>1220<\/strong><br \/>(-22 for losing)\n|l|\u2606Teils\n|player|p2|\n","inputlog":">version 6cdde67ed88b47ab6b8ae5717517ae7b5d1ef27b\n>start {\"formatid\":\"gen5randombattle\",\"seed\":[34324,9312,15461,25826],\"rated\":\"Rated battle\"}\n>player p1 {\"name\":\"BrandonRamz\",\"avatar\":\"benga\",\"rating\":1288,\"seed\":[5578,4266,39523,48712]}\n>player p2 {\"name\":\"Teils\",\"avatar\":\"101\",\"rating\":1242,\"seed\":[21394,35538,59454,47111]}\n>p1 switch 2\n>p2 switch 3\n>p1 move trick\n>p2 move toxic\n>p1 switch 2\n>p2 switch 6\n>p1 move raindance\n>p2 move seismictoss\n>p1 move toxic\n>p2 move seismictoss\n>p1 move scald\n>p2 move seismictoss\n>p1 move rest\n>p2 move seismictoss\n>p1 move scald\n>p2 move rest\n>p2 switch 3\n>p1 move toxic\n>p2 move earthquake\n>p1 switch 2\n>p2 move sludgewave\n>p1 move airslash\n>p2 move hydropump\n>p1 switch 4\n>p1 move shellsmash\n>p2 switch 2\n>p1 move hiddenpower\n>p2 move hiddenpower\n>p1 move hiddenpower\n>p2 move scald\n>p2 switch 2\n>p1 move hiddenpower\n>p2 move earthquake\n>p2 switch 6\n>p1 move surf\n>p2 move triattack\n>forcelose p2","uploadtime":1711947192,"views":0,"formatid":"gen5randombattle","rating":1220,"private":0,"password":null}