{"id":"gen5randombattle-2093313312","format":"[Gen 5] Random Battle","players":["Testaa","Alcatraz285"],"log":"|j|\u2606Testaa\n|j|\u2606Alcatraz285\n|t:|1711938048\n|gametype|singles\n|player|p1|Testaa|169|1000\n|player|p2|Alcatraz285|266|1107\n|teamsize|p1|6\n|teamsize|p2|6\n|gen|5\n|tier|[Gen 5] Random Battle\n|rated|\n|rule|Sleep Clause Mod: Limit one foe put to sleep\n|rule|HP Percentage Mod: HP is shown in percentages\n|rule|Illusion Level Mod: Illusion disguises the Pok\u00e9mon's true level\n|\n|t:|1711938048\n|start\n|switch|p1a: Cherrim|Cherrim, L95, F|287\/287\n|switch|p2a: Tentacruel|Tentacruel, L80, M|259\/259\n|turn|1\n|\n|t:|1711938081\n|switch|p2a: Braviary|Braviary, L84, M|305\/305\n|move|p1a: Cherrim|Healing Wish|p1a: Cherrim\n|faint|p1a: Cherrim\n|\n|upkeep\n|inactive|Battle timer is ON: inactive players will automatically lose when time's up. (requested by Alcatraz285)\n|\n|t:|1711938099\n|switch|p1a: Rhydon|Rhydon, L83, M|310\/310\n|-heal|p1a: Rhydon|310\/310|[from] move: Healing Wish\n|turn|2\n|\n|t:|1711938112\n|switch|p2a: Gliscor|Gliscor, L79, F|247\/247\n|move|p1a: Rhydon|Toxic|p2a: Gliscor\n|-status|p2a: Gliscor|tox\n|\n|upkeep\n|turn|3\n|\n|t:|1711938127\n|move|p2a: Gliscor|Substitute|p2a: Gliscor\n|-start|p2a: Gliscor|Substitute\n|-damage|p2a: Gliscor|186\/247 tox\n|move|p1a: Rhydon|Stone Edge|p2a: Gliscor\n|-end|p2a: Gliscor|Substitute\n|\n|-heal|p2a: Gliscor|216\/247 tox|[from] ability: Poison Heal\n|upkeep\n|turn|4\n|\n|t:|1711938135\n|move|p2a: Gliscor|Protect|p2a: Gliscor\n|-singleturn|p2a: Gliscor|Protect\n|move|p1a: Rhydon|Earthquake|p2a: Gliscor\n|-immune|p2a: Gliscor\n|\n|-heal|p2a: Gliscor|246\/247 tox|[from] ability: Poison Heal\n|upkeep\n|turn|5\n|\n|t:|1711938145\n|switch|p1a: Tangrowth|Tangrowth, L85, F|309\/309\n|move|p2a: Gliscor|Substitute|p2a: Gliscor\n|-start|p2a: Gliscor|Substitute\n|-damage|p2a: Gliscor|185\/247 tox\n|\n|-heal|p2a: Gliscor|215\/247 tox|[from] ability: Poison Heal\n|upkeep\n|turn|6\n|\n|t:|1711938153\n|move|p2a: Gliscor|Toxic|p1a: Tangrowth\n|-status|p1a: Tangrowth|tox\n|move|p1a: Tangrowth|Hidden Power|p2a: Gliscor\n|-end|p2a: Gliscor|Substitute\n|\n|-heal|p2a: Gliscor|245\/247 tox|[from] ability: Poison Heal\n|-damage|p1a: Tangrowth|290\/309 tox|[from] psn\n|upkeep\n|turn|7\n|\n|t:|1711938162\n|move|p2a: Gliscor|Protect|p2a: Gliscor\n|-singleturn|p2a: Gliscor|Protect\n|move|p1a: Tangrowth|Rock Slide|p2a: Gliscor\n|-activate|p2a: Gliscor|move: Protect\n|\n|-heal|p1a: Tangrowth|309\/309 tox|[from] item: Leftovers\n|-heal|p2a: Gliscor|247\/247 tox|[from] ability: Poison Heal\n|-damage|p1a: Tangrowth|271\/309 tox|[from] psn\n|upkeep\n|turn|8\n|\n|t:|1711938176\n|move|p2a: Gliscor|Substitute|p2a: Gliscor\n|-start|p2a: Gliscor|Substitute\n|-damage|p2a: Gliscor|186\/247 tox\n|move|p1a: Tangrowth|Rock Slide|p2a: Gliscor\n|-activate|p2a: Gliscor|Substitute|[damage]\n|\n|-heal|p1a: Tangrowth|290\/309 tox|[from] item: Leftovers\n|-heal|p2a: Gliscor|216\/247 tox|[from] ability: Poison Heal\n|-damage|p1a: Tangrowth|233\/309 tox|[from] psn\n|upkeep\n|turn|9\n|\n|t:|1711938194\n|switch|p1a: Deoxys|Deoxys-Defense, L82|216\/216\n|-ability|p1a: Deoxys|Pressure\n|move|p2a: Gliscor|Earthquake|p1a: Deoxys\n|-damage|p1a: Deoxys|153\/216\n|\n|-heal|p1a: Deoxys|166\/216|[from] item: Leftovers\n|-heal|p2a: Gliscor|246\/247 tox|[from] ability: Poison Heal\n|upkeep\n|turn|10\n|inactive|Testaa has 120 seconds left.\n|\n|t:|1711938224\n|move|p2a: Gliscor|Toxic|p1a: Deoxys\n|-status|p1a: Deoxys|tox\n|move|p1a: Deoxys|Taunt|p2a: Gliscor\n|-start|p2a: Gliscor|move: Taunt\n|\n|-heal|p1a: Deoxys|179\/216 tox|[from] item: Leftovers\n|-heal|p2a: Gliscor|247\/247 tox|[from] ability: Poison Heal\n|-damage|p1a: Deoxys|166\/216 tox|[from] psn\n|upkeep\n|turn|11\n|inactive|Testaa has 120 seconds left.\n|\n|t:|1711938235\n|switch|p1a: Cloyster|Cloyster, L79, F|209\/209\n|move|p2a: Gliscor|Earthquake|p1a: Cloyster\n|-damage|p1a: Cloyster|154\/209\n|\n|upkeep\n|turn|12\n|\n|t:|1711938244\n|switch|p2a: Volbeat|Volbeat, L91, M|266\/266\n|move|p1a: Cloyster|Rock Blast|p2a: Volbeat\n|-supereffective|p2a: Volbeat\n|-damage|p2a: Volbeat|226\/266\n|-supereffective|p2a: Volbeat\n|-damage|p2a: Volbeat|186\/266\n|-supereffective|p2a: Volbeat\n|-damage|p2a: Volbeat|144\/266\n|-supereffective|p2a: Volbeat\n|-damage|p2a: Volbeat|100\/266\n|-supereffective|p2a: Volbeat\n|-damage|p2a: Volbeat|62\/266\n|-hitcount|p2a: Volbeat|5\n|\n|-heal|p2a: Volbeat|78\/266|[from] item: Leftovers\n|upkeep\n|turn|13\n|\n|t:|1711938258\n|move|p2a: Volbeat|Thunder Wave|p1a: Cloyster\n|-status|p1a: Cloyster|par\n|move|p1a: Cloyster|Rock Blast|p2a: Volbeat\n|-supereffective|p2a: Volbeat\n|-damage|p2a: Volbeat|40\/266\n|-supereffective|p2a: Volbeat\n|-damage|p2a: Volbeat|0 fnt\n|faint|p2a: Volbeat\n|-hitcount|p2: Volbeat|2\n|\n|upkeep\n|\n|t:|1711938271\n|switch|p2a: Hitmontop|Hitmontop, L87, M|229\/229\n|-ability|p2a: Hitmontop|Intimidate|boost\n|-unboost|p1a: Cloyster|atk|1\n|-enditem|p1a: Cloyster|White Herb\n|-clearnegativeboost|p1a: Cloyster|[silent]\n|turn|14\n|inactive|Testaa has 120 seconds left.\n|\n|t:|1711938294\n|switch|p1a: Deoxys|Deoxys-Defense, L82|166\/216 tox\n|-ability|p1a: Deoxys|Pressure\n|move|p2a: Hitmontop|Close Combat|p1a: Deoxys\n|-resisted|p1a: Deoxys\n|-damage|p1a: Deoxys|100\/216 tox\n|-unboost|p2a: Hitmontop|def|1\n|-unboost|p2a: Hitmontop|spd|1\n|\n|-heal|p1a: Deoxys|113\/216 tox|[from] item: Leftovers\n|-damage|p1a: Deoxys|100\/216 tox|[from] psn\n|upkeep\n|turn|15\n|inactive|Testaa has 120 seconds left.\n|\n|t:|1711938308\n|switch|p2a: Gliscor|Gliscor, L79, F|247\/247 tox\n|move|p1a: Deoxys|Recover|p1a: Deoxys\n|-heal|p1a: Deoxys|208\/216 tox\n|\n|-heal|p1a: Deoxys|216\/216 tox|[from] item: Leftovers\n|-damage|p1a: Deoxys|190\/216 tox|[from] psn\n|upkeep\n|turn|16\n|\n|t:|1711938317\n|move|p2a: Gliscor|Protect|p2a: Gliscor\n|-singleturn|p2a: Gliscor|Protect\n|move|p1a: Deoxys|Toxic|p2a: Gliscor\n|-activate|p2a: Gliscor|move: Protect\n|\n|-heal|p1a: Deoxys|203\/216 tox|[from] item: Leftovers\n|-damage|p1a: Deoxys|164\/216 tox|[from] psn\n|upkeep\n|turn|17\n|\n|t:|1711938326\n|switch|p1a: Rhydon|Rhydon, L83, M|310\/310\n|move|p2a: Gliscor|Substitute|p2a: Gliscor\n|-start|p2a: Gliscor|Substitute\n|-damage|p2a: Gliscor|186\/247 tox\n|\n|-heal|p2a: Gliscor|216\/247 tox|[from] ability: Poison Heal\n|upkeep\n|turn|18\n|\n|t:|1711938337\n|move|p2a: Gliscor|Toxic|p1a: Rhydon\n|-status|p1a: Rhydon|tox\n|move|p1a: Rhydon|Stone Edge|p2a: Gliscor\n|-crit|p2a: Gliscor\n|-end|p2a: Gliscor|Substitute\n|\n|-heal|p2a: Gliscor|246\/247 tox|[from] ability: Poison Heal\n|-damage|p1a: Rhydon|291\/310 tox|[from] psn\n|upkeep\n|turn|19\n|\n|t:|1711938347\n|move|p2a: Gliscor|Protect|p2a: Gliscor\n|-singleturn|p2a: Gliscor|Protect\n|move|p1a: Rhydon|Earthquake|p2a: Gliscor\n|-immune|p2a: Gliscor\n|\n|-heal|p2a: Gliscor|247\/247 tox|[from] ability: Poison Heal\n|-damage|p1a: Rhydon|253\/310 tox|[from] psn\n|upkeep\n|turn|20\n|\n|t:|1711938355\n|move|p2a: Gliscor|Substitute|p2a: Gliscor\n|-start|p2a: Gliscor|Substitute\n|-damage|p2a: Gliscor|186\/247 tox\n|move|p1a: Rhydon|Earthquake|p2a: Gliscor\n|-immune|p2a: Gliscor\n|\n|-heal|p2a: Gliscor|216\/247 tox|[from] ability: Poison Heal\n|-damage|p1a: Rhydon|196\/310 tox|[from] psn\n|upkeep\n|turn|21\n|\n|t:|1711938365\n|switch|p1a: Cloyster|Cloyster, L79, F|154\/209 par\n|move|p2a: Gliscor|Earthquake|p1a: Cloyster\n|-damage|p1a: Cloyster|100\/209 par\n|\n|-heal|p2a: Gliscor|246\/247 tox|[from] ability: Poison Heal\n|upkeep\n|turn|22\n|\n|t:|1711938376\n|move|p2a: Gliscor|Protect|p2a: Gliscor\n|-singleturn|p2a: Gliscor|Protect\n|cant|p1a: Cloyster|par\n|\n|-heal|p2a: Gliscor|247\/247 tox|[from] ability: Poison Heal\n|upkeep\n|turn|23\n|\n|t:|1711938383\n|move|p2a: Gliscor|Earthquake|p1a: Cloyster\n|-damage|p1a: Cloyster|45\/209 par\n|move|p1a: Cloyster|Rock Blast|p2a: Gliscor\n|-activate|p2a: Gliscor|Substitute|[damage]\n|-activate|p2a: Gliscor|Substitute|[damage]\n|-activate|p2a: Gliscor|Substitute|[damage]\n|-activate|p2a: Gliscor|Substitute|[damage]\n|-end|p2a: Gliscor|Substitute\n|-hitcount|p2a: Gliscor|5\n|\n|upkeep\n|turn|24\n|\n|t:|1711938394\n|switch|p1a: Rhydon|Rhydon, L83, M|196\/310 tox\n|move|p2a: Gliscor|Earthquake|p1a: Rhydon\n|-supereffective|p1a: Rhydon\n|-damage|p1a: Rhydon|92\/310 tox\n|\n|-damage|p1a: Rhydon|73\/310 tox|[from] psn\n|upkeep\n|turn|25\n|inactive|Testaa has 120 seconds left.\n|\n|t:|1711938429\n|move|p2a: Gliscor|Earthquake|p1a: Rhydon\n|-supereffective|p1a: Rhydon\n|-damage|p1a: Rhydon|0 fnt\n|faint|p1a: Rhydon\n|\n|upkeep\n|\n|t:|1711938437\n|switch|p1a: Tangrowth|Tangrowth, L85, F|309\/309 tox\n|turn|26\n|\n|t:|1711938447\n|move|p2a: Gliscor|Protect|p2a: Gliscor\n|-singleturn|p2a: Gliscor|Protect\n|move|p1a: Tangrowth|Rock Slide|p2a: Gliscor\n|-activate|p2a: Gliscor|move: Protect\n|\n|-damage|p1a: Tangrowth|290\/309 tox|[from] psn\n|upkeep\n|turn|27\n|\n|t:|1711938455\n|move|p2a: Gliscor|Substitute|p2a: Gliscor\n|-start|p2a: Gliscor|Substitute\n|-damage|p2a: Gliscor|186\/247 tox\n|move|p1a: Tangrowth|Rock Slide|p2a: Gliscor\n|-activate|p2a: Gliscor|Substitute|[damage]\n|\n|-heal|p1a: Tangrowth|309\/309 tox|[from] item: Leftovers\n|-heal|p2a: Gliscor|216\/247 tox|[from] ability: Poison Heal\n|-damage|p1a: Tangrowth|271\/309 tox|[from] psn\n|upkeep\n|turn|28\n|\n|t:|1711938465\n|move|p2a: Gliscor|Earthquake|p1a: Tangrowth\n|-resisted|p1a: Tangrowth\n|-damage|p1a: Tangrowth|236\/309 tox\n|move|p1a: Tangrowth|Rock Slide|p2a: Gliscor\n|-end|p2a: Gliscor|Substitute\n|\n|-heal|p1a: Tangrowth|255\/309 tox|[from] item: Leftovers\n|-heal|p2a: Gliscor|246\/247 tox|[from] ability: Poison Heal\n|-damage|p1a: Tangrowth|198\/309 tox|[from] psn\n|upkeep\n|turn|29\n|\n|t:|1711938476\n|move|p2a: Gliscor|Protect|p2a: Gliscor\n|-singleturn|p2a: Gliscor|Protect\n|move|p1a: Tangrowth|Hidden Power|p2a: Gliscor\n|-activate|p2a: Gliscor|move: Protect\n|\n|-heal|p1a: Tangrowth|217\/309 tox|[from] item: Leftovers\n|-heal|p2a: Gliscor|247\/247 tox|[from] ability: Poison Heal\n|-damage|p1a: Tangrowth|141\/309 tox|[from] psn\n|upkeep\n|turn|30\n|\n|t:|1711938491\n|move|p2a: Gliscor|Substitute|p2a: Gliscor\n|-start|p2a: Gliscor|Substitute\n|-damage|p2a: Gliscor|186\/247 tox\n|move|p1a: Tangrowth|Hidden Power|p2a: Gliscor\n|-end|p2a: Gliscor|Substitute\n|\n|-heal|p1a: Tangrowth|160\/309 tox|[from] item: Leftovers\n|-heal|p2a: Gliscor|216\/247 tox|[from] ability: Poison Heal\n|-damage|p1a: Tangrowth|65\/309 tox|[from] psn\n|upkeep\n|turn|31\n|\n|t:|1711938510\n|move|p2a: Gliscor|Protect|p2a: Gliscor\n|-singleturn|p2a: Gliscor|Protect\n|move|p1a: Tangrowth|Sleep Powder|p2a: Gliscor\n|-activate|p2a: Gliscor|move: Protect\n|\n|-heal|p1a: Tangrowth|84\/309 tox|[from] item: Leftovers\n|-heal|p2a: Gliscor|246\/247 tox|[from] ability: Poison Heal\n|-damage|p1a: Tangrowth|0 fnt|[from] psn\n|faint|p1a: Tangrowth\n|upkeep\n|inactive|Testaa has 120 seconds left.\n|\n|t:|1711938532\n|switch|p1a: Shedinja|Shedinja, L90|1\/1\n|turn|32\n|inactive|Testaa has 120 seconds left.\n|\n|t:|1711938538\n|move|p1a: Shedinja|Shadow Sneak|p2a: Gliscor\n|-damage|p2a: Gliscor|210\/247 tox\n|move|p2a: Gliscor|Toxic|p1a: Shedinja\n|-status|p1a: Shedinja|tox\n|\n|-heal|p2a: Gliscor|240\/247 tox|[from] ability: Poison Heal\n|-damage|p1a: Shedinja|0 fnt|[from] psn\n|faint|p1a: Shedinja\n|upkeep\n|inactive|Testaa has 120 seconds left.\n|\n|t:|1711938548\n|switch|p1a: Deoxys|Deoxys-Defense, L82|164\/216 tox\n|-ability|p1a: Deoxys|Pressure\n|turn|33\n|inactive|Testaa has 120 seconds left.\n|\n|t:|1711938554\n|move|p2a: Gliscor|Toxic|p1a: Deoxys\n|-fail|p1a: Deoxys|tox\n|move|p1a: Deoxys|Recover|p1a: Deoxys\n|-heal|p1a: Deoxys|216\/216 tox\n|\n|-heal|p2a: Gliscor|247\/247 tox|[from] ability: Poison Heal\n|-damage|p1a: Deoxys|203\/216 tox|[from] psn\n|upkeep\n|turn|34\n|\n|t:|1711938564\n|move|p2a: Gliscor|Toxic|p1a: Deoxys\n|-fail|p1a: Deoxys|tox\n|move|p1a: Deoxys|Recover|p1a: Deoxys\n|-heal|p1a: Deoxys|216\/216 tox\n|\n|-damage|p1a: Deoxys|190\/216 tox|[from] psn\n|upkeep\n|turn|35\n|\n|t:|1711938571\n|move|p2a: Gliscor|Toxic|p1a: Deoxys\n|-fail|p1a: Deoxys|tox\n|move|p1a: Deoxys|Recover|p1a: Deoxys\n|-heal|p1a: Deoxys|216\/216 tox\n|\n|-damage|p1a: Deoxys|177\/216 tox|[from] psn\n|upkeep\n|turn|36\n|\n|t:|1711938580\n|move|p2a: Gliscor|Toxic|p1a: Deoxys\n|-fail|p1a: Deoxys|tox\n|move|p1a: Deoxys|Seismic Toss|p2a: Gliscor\n|-damage|p2a: Gliscor|165\/247 tox\n|\n|-heal|p1a: Deoxys|190\/216 tox|[from] item: Leftovers\n|-heal|p2a: Gliscor|195\/247 tox|[from] ability: Poison Heal\n|-damage|p1a: Deoxys|138\/216 tox|[from] psn\n|upkeep\n|turn|37\n|\n|t:|1711938589\n|move|p2a: Gliscor|Toxic|p1a: Deoxys\n|-fail|p1a: Deoxys|tox\n|move|p1a: Deoxys|Recover|p1a: Deoxys\n|-heal|p1a: Deoxys|216\/216 tox\n|\n|-heal|p2a: Gliscor|225\/247 tox|[from] ability: Poison Heal\n|-damage|p1a: Deoxys|151\/216 tox|[from] psn\n|upkeep\n|turn|38\n|\n|t:|1711938597\n|move|p2a: Gliscor|Toxic|p1a: Deoxys|[miss]\n|-miss|p2a: Gliscor|p1a: Deoxys\n|move|p1a: Deoxys|Seismic Toss|p2a: Gliscor\n|-damage|p2a: Gliscor|143\/247 tox\n|\n|-heal|p1a: Deoxys|164\/216 tox|[from] item: Leftovers\n|-heal|p2a: Gliscor|173\/247 tox|[from] ability: Poison Heal\n|-damage|p1a: Deoxys|86\/216 tox|[from] psn\n|upkeep\n|turn|39\n|\n|t:|1711938606\n|move|p2a: Gliscor|Substitute|p2a: Gliscor\n|-start|p2a: Gliscor|Substitute\n|-damage|p2a: Gliscor|112\/247 tox\n|move|p1a: Deoxys|Recover|p1a: Deoxys\n|-heal|p1a: Deoxys|194\/216 tox\n|\n|-heal|p1a: Deoxys|207\/216 tox|[from] item: Leftovers\n|-heal|p2a: Gliscor|142\/247 tox|[from] ability: Poison Heal\n|-damage|p1a: Deoxys|116\/216 tox|[from] psn\n|upkeep\n|turn|40\n|\n|t:|1711938615\n|move|p2a: Gliscor|Substitute|p2a: Gliscor\n|-fail|p2a: Gliscor|move: Substitute\n|move|p1a: Deoxys|Seismic Toss|p2a: Gliscor\n|-end|p2a: Gliscor|Substitute\n|\n|-heal|p1a: Deoxys|129\/216 tox|[from] item: Leftovers\n|-heal|p2a: Gliscor|172\/247 tox|[from] ability: Poison Heal\n|-damage|p1a: Deoxys|25\/216 tox|[from] psn\n|upkeep\n|turn|41\n|\n|t:|1711938624\n|move|p2a: Gliscor|Substitute|p2a: Gliscor\n|-start|p2a: Gliscor|Substitute\n|-damage|p2a: Gliscor|111\/247 tox\n|move|p1a: Deoxys|Recover|p1a: Deoxys\n|-heal|p1a: Deoxys|133\/216 tox\n|\n|-heal|p1a: Deoxys|146\/216 tox|[from] item: Leftovers\n|-heal|p2a: Gliscor|141\/247 tox|[from] ability: Poison Heal\n|-damage|p1a: Deoxys|29\/216 tox|[from] psn\n|upkeep\n|turn|42\n|\n|t:|1711938635\n|move|p2a: Gliscor|Substitute|p2a: Gliscor\n|-fail|p2a: Gliscor|move: Substitute\n|move|p1a: Deoxys|Taunt|p2a: Gliscor\n|-start|p2a: Gliscor|move: Taunt\n|\n|-heal|p1a: Deoxys|42\/216 tox|[from] item: Leftovers\n|-heal|p2a: Gliscor|171\/247 tox|[from] ability: Poison Heal\n|-damage|p1a: Deoxys|0 fnt|[from] psn\n|faint|p1a: Deoxys\n|upkeep\n|\n|t:|1711938644\n|switch|p1a: Cloyster|Cloyster, L79, F|45\/209 par\n|turn|43\n|\n|t:|1711938650\n|switch|p2a: Kyurem|Kyurem, L77|319\/319\n|-ability|p2a: Kyurem|Pressure\n|move|p1a: Cloyster|Icicle Spear|p2a: Kyurem\n|-damage|p2a: Kyurem|292\/319\n|-damage|p2a: Kyurem|267\/319\n|-damage|p2a: Kyurem|240\/319\n|-damage|p2a: Kyurem|215\/319\n|-damage|p2a: Kyurem|190\/319\n|-hitcount|p2a: Kyurem|5\n|\n|-heal|p2a: Kyurem|209\/319|[from] item: Leftovers\n|upkeep\n|turn|44\n|\n|t:|1711938665\n|switch|p2a: Gliscor|Gliscor, L79, F|171\/247 tox\n|move|p1a: Cloyster|Icicle Spear|p2a: Gliscor\n|-supereffective|p2a: Gliscor\n|-damage|p2a: Gliscor|87\/247 tox\n|-supereffective|p2a: Gliscor\n|-damage|p2a: Gliscor|3\/247 tox\n|-supereffective|p2a: Gliscor\n|-damage|p2a: Gliscor|0 fnt\n|faint|p2a: Gliscor\n|-hitcount|p2: Gliscor|3\n|\n|upkeep\n|\n|t:|1711938670\n|switch|p2a: Tentacruel|Tentacruel, L80, M|259\/259\n|turn|45\n|\n|t:|1711938685\n|move|p2a: Tentacruel|Toxic Spikes|p1a: Cloyster\n|-sidestart|p1: Testaa|move: Toxic Spikes\n|cant|p1a: Cloyster|par\n|\n|upkeep\n|turn|46\n|\n|t:|1711938690\n|move|p2a: Tentacruel|Toxic Spikes|p1a: Cloyster\n|-sidestart|p1: Testaa|move: Toxic Spikes\n|move|p1a: Cloyster|Rock Blast|p2a: Tentacruel\n|-damage|p2a: Tentacruel|238\/259\n|-damage|p2a: Tentacruel|217\/259\n|-damage|p2a: Tentacruel|195\/259\n|-damage|p2a: Tentacruel|176\/259\n|-damage|p2a: Tentacruel|156\/259\n|-hitcount|p2a: Tentacruel|5\n|\n|-heal|p2a: Tentacruel|172\/259|[from] item: Black Sludge\n|upkeep\n|turn|47\n|\n|t:|1711938702\n|move|p2a: Tentacruel|Rapid Spin|p1a: Cloyster\n|-damage|p1a: Cloyster|38\/209 par\n|move|p1a: Cloyster|Shell Smash|p1a: Cloyster\n|-unboost|p1a: Cloyster|def|1\n|-unboost|p1a: Cloyster|spd|1\n|-boost|p1a: Cloyster|atk|2\n|-boost|p1a: Cloyster|spa|2\n|-boost|p1a: Cloyster|spe|2\n|\n|-heal|p2a: Tentacruel|188\/259|[from] item: Black Sludge\n|upkeep\n|turn|48\n|\n|t:|1711938711\n|move|p2a: Tentacruel|Rapid Spin|p1a: Cloyster\n|-damage|p1a: Cloyster|29\/209 par\n|move|p1a: Cloyster|Rock Blast|p2a: Tentacruel\n|-damage|p2a: Tentacruel|143\/259\n|-damage|p2a: Tentacruel|102\/259\n|-damage|p2a: Tentacruel|61\/259\n|-damage|p2a: Tentacruel|21\/259\n|-damage|p2a: Tentacruel|0 fnt\n|faint|p2a: Tentacruel\n|-hitcount|p2: Tentacruel|5\n|\n|upkeep\n|\n|t:|1711938720\n|switch|p2a: Kyurem|Kyurem, L77|209\/319\n|-ability|p2a: Kyurem|Pressure\n|turn|49\n|\n|t:|1711938735\n|move|p2a: Kyurem|Roost|p2a: Kyurem\n|-heal|p2a: Kyurem|319\/319\n|-singleturn|p2a: Kyurem|move: Roost\n|move|p1a: Cloyster|Shell Smash|p1a: Cloyster\n|-unboost|p1a: Cloyster|def|1\n|-unboost|p1a: Cloyster|spd|1\n|-boost|p1a: Cloyster|atk|2\n|-boost|p1a: Cloyster|spa|2\n|-boost|p1a: Cloyster|spe|2\n|\n|upkeep\n|turn|50\n|\n|t:|1711938742\n|move|p2a: Kyurem|Roost||[still]\n|-fail|p2a: Kyurem|heal\n|move|p1a: Cloyster|Rock Blast|p2a: Kyurem\n|-supereffective|p2a: Kyurem\n|-damage|p2a: Kyurem|225\/319\n|-supereffective|p2a: Kyurem\n|-damage|p2a: Kyurem|119\/319\n|-supereffective|p2a: Kyurem\n|-damage|p2a: Kyurem|15\/319\n|-supereffective|p2a: Kyurem\n|-damage|p2a: Kyurem|0 fnt\n|faint|p2a: Kyurem\n|-hitcount|p2: Kyurem|4\n|\n|upkeep\n|\n|t:|1711938748\n|switch|p2a: Braviary|Braviary, L84, M|305\/305\n|turn|51\n|\n|t:|1711938756\n|move|p2a: Braviary|Bulk Up|p2a: Braviary\n|-boost|p2a: Braviary|atk|1\n|-boost|p2a: Braviary|def|1\n|move|p1a: Cloyster|Rock Blast|p2a: Braviary\n|-supereffective|p2a: Braviary\n|-damage|p2a: Braviary|231\/305\n|-supereffective|p2a: Braviary\n|-damage|p2a: Braviary|157\/305\n|-supereffective|p2a: Braviary\n|-damage|p2a: Braviary|87\/305\n|-supereffective|p2a: Braviary\n|-damage|p2a: Braviary|11\/305\n|-supereffective|p2a: Braviary\n|-damage|p2a: Braviary|0 fnt\n|faint|p2a: Braviary\n|-hitcount|p2: Braviary|5\n|\n|upkeep\n|\n|t:|1711938762\n|switch|p2a: Hitmontop|Hitmontop, L87, M|229\/229\n|-ability|p2a: Hitmontop|Intimidate|boost\n|-unboost|p1a: Cloyster|atk|1\n|turn|52\n|\n|t:|1711938772\n|move|p2a: Hitmontop|Close Combat|p1a: Cloyster\n|-supereffective|p1a: Cloyster\n|-damage|p1a: Cloyster|0 fnt\n|-unboost|p2a: Hitmontop|def|1\n|-unboost|p2a: Hitmontop|spd|1\n|faint|p1a: Cloyster\n|\n|win|Alcatraz285\n|raw|Testaa's rating: 1000 &rarr; <strong>1000<\/strong><br \/>(+0 for losing)\n|raw|Alcatraz285's rating: 1107 &rarr; <strong>1125<\/strong><br \/>(+18 for winning)\n|l|\u2606Alcatraz285\n|player|p2|\n","inputlog":">version 6cdde67ed88b47ab6b8ae5717517ae7b5d1ef27b\n>start {\"formatid\":\"gen5randombattle\",\"seed\":[6561,27985,12264,29951],\"rated\":\"Rated battle\"}\n>player p1 {\"name\":\"Testaa\",\"avatar\":\"169\",\"rating\":1000,\"seed\":[22327,35478,2191,24598]}\n>player p2 {\"name\":\"Alcatraz285\",\"avatar\":\"266\",\"rating\":1107,\"seed\":[1514,17775,33830,30250]}\n>p1 move healingwish\n>p2 switch 3\n>p1 switch 4\n>p1 move toxic\n>p2 switch 5\n>p1 move stoneedge\n>p2 move substitute\n>p1 move earthquake\n>p2 move protect\n>p1 switch 3\n>p2 move substitute\n>p1 move hiddenpower\n>p2 move toxic\n>p1 move rockslide\n>p2 move protect\n>p1 move rockslide\n>p2 move substitute\n>p1 switch 6\n>p2 move earthquake\n>p1 move taunt\n>p2 move toxic\n>p1 switch 2\n>p2 move earthquake\n>p1 move rockblast\n>p2 switch 6\n>p1 move rockblast\n>p2 move thunderwave\n>p2 switch 4\n>p1 switch 2\n>p2 move closecombat\n>p1 move recover\n>p2 switch 6\n>p1 move toxic\n>p2 move protect\n>p1 switch 3\n>p2 move substitute\n>p1 move stoneedge\n>p2 move toxic\n>p1 move earthquake\n>p2 move protect\n>p1 move earthquake\n>p2 move substitute\n>p1 switch 2\n>p2 move earthquake\n>p1 move iciclespear\n>p2 move protect\n>p1 move rockblast\n>p2 move earthquake\n>p1 switch 2\n>p2 move earthquake\n>p1 move toxic\n>p2 move earthquake\n>p1 switch 6\n>p1 move rockslide\n>p2 move protect\n>p1 move rockslide\n>p2 move substitute\n>p1 move rockslide\n>p2 move earthquake\n>p1 move hiddenpower\n>p2 move protect\n>p1 move hiddenpower\n>p2 move substitute\n>p1 move sleeppowder\n>p2 move protect\n>p1 switch 5\n>p1 move shadowsneak\n>p2 move toxic\n>p1 switch 3\n>p1 move recover\n>p2 move toxic\n>p1 move recover\n>p2 move toxic\n>p1 move recover\n>p2 move toxic\n>p1 move seismictoss\n>p2 move toxic\n>p1 move recover\n>p2 move toxic\n>p1 move seismictoss\n>p2 move toxic\n>p1 move recover\n>p2 move substitute\n>p1 move seismictoss\n>p2 move substitute\n>p1 move recover\n>p2 move substitute\n>p1 move taunt\n>p2 move substitute\n>p1 switch 2\n>p1 move iciclespear\n>p2 switch 2\n>p1 move iciclespear\n>p2 switch 2\n>p2 switch 3\n>p1 move rockblast\n>p2 move toxicspikes\n>p1 move rockblast\n>p2 move toxicspikes\n>p1 move shellsmash\n>p2 move rapidspin\n>p1 move rockblast\n>p2 move rapidspin\n>p2 switch 2\n>p1 move shellsmash\n>p2 move roost\n>p1 move rockblast\n>p2 move roost\n>p2 switch 5\n>p1 move rockblast\n>p2 move bulkup\n>p2 switch 6\n>p1 move rockblast\n>p2 move closecombat","uploadtime":1711938786,"views":1,"formatid":"gen5randombattle","rating":1000,"private":0,"password":null}