|j|☆Rein_Entei
|j|☆Mimiakyu
|t:|1711942022
|gametype|singles
|player|p1|Rein_Entei|dancer|1381
|player|p2|Mimiakyu|acerola-masters|1557
|teamsize|p1|6
|teamsize|p2|6
|gen|7
|tier|[Gen 7] Random Battle
|rated|
|rule|Sleep Clause Mod: Limit one foe put to sleep
|rule|HP Percentage Mod: HP is shown in percentages
|rule|Illusion Level Mod: Illusion disguises the Pokémon's true level
|
|t:|1711942022
|start
|switch|p1a: Stoutland|Stoutland, L87, M|290/290
|switch|p2a: Lycanroc|Lycanroc-Midnight, L86, M|286/286
|-ability|p1a: Stoutland|Intimidate|boost
|-unboost|p2a: Lycanroc|atk|1
|turn|1
|inactive|Battle timer is ON: inactive players will automatically lose when time's up. (requested by Mimiakyu)
|
|t:|1711942039
|switch|p2a: Tapu Fini|Tapu Fini, L80, shiny|243/243
|-fieldstart|move: Misty Terrain|[from] ability: Misty Surge|[of] p2a: Tapu Fini
|move|p1a: Stoutland|Superpower|p2a: Tapu Fini
|-resisted|p2a: Tapu Fini
|-damage|p2a: Tapu Fini|204/243
|-unboost|p1a: Stoutland|atk|1
|-unboost|p1a: Stoutland|def|1
|
|-heal|p2a: Tapu Fini|219/243|[from] item: Leftovers
|upkeep
|turn|2
|c|☆Rein_Entei|oh shit is that a shiny
|c|☆Mimiakyu|wow yea
|inactive|Mimiakyu has 120 seconds left.
|
|t:|1711942074
|switch|p1a: Victreebel|Victreebel, L90, F|290/290
|move|p2a: Tapu Fini|Calm Mind|p2a: Tapu Fini
|-boost|p2a: Tapu Fini|spa|1
|-boost|p2a: Tapu Fini|spd|1
|
|-heal|p2a: Tapu Fini|234/243|[from] item: Leftovers
|upkeep
|turn|3
|inactive|Mimiakyu has 120 seconds left.
|
|t:|1711942086
|switch|p2a: Seviper|Seviper, L91, M|281/281
|move|p1a: Victreebel|Sunny Day|p1a: Victreebel
|-weather|SunnyDay
|
|-weather|SunnyDay|[upkeep]
|upkeep
|turn|4
|inactive|Mimiakyu has 120 seconds left.
|
|t:|1711942101
|move|p1a: Victreebel|Weather Ball|p2a: Seviper
|-damage|p2a: Seviper|65/281
|-damage|p1a: Victreebel|261/290|[from] item: Life Orb
|move|p2a: Seviper|Poison Jab|p1a: Victreebel
|-damage|p1a: Victreebel|108/290
|-damage|p2a: Seviper|37/281|[from] item: Life Orb
|
|-weather|SunnyDay|[upkeep]
|upkeep
|turn|5
|inactive|Mimiakyu has 120 seconds left.
|
|t:|1711942106
|move|p2a: Seviper|Sucker Punch|p1a: Victreebel
|-damage|p1a: Victreebel|24/290
|-damage|p2a: Seviper|9/281|[from] item: Life Orb
|move|p1a: Victreebel|Weather Ball|p2a: Seviper
|-crit|p2a: Seviper
|-damage|p2a: Seviper|0 fnt
|faint|p2a: Seviper
|-damage|p1a: Victreebel|0 fnt|[from] item: Life Orb
|faint|p1a: Victreebel
|
|-weather|SunnyDay|[upkeep]
|-fieldend|Misty Terrain
|upkeep
|
|t:|1711942114
|switch|p1a: Flareon|Flareon, L88, F|258/258
|switch|p2a: Castform|Castform, L99, M|299/299
|-formechange|p2a: Castform|Castform-Sunny|[msg]|[from] ability: Forecast
|turn|6
|
|t:|1711942119
|move|p2a: Castform|Thunder Wave|p1a: Flareon
|-status|p1a: Flareon|par
|cant|p1a: Flareon|par
|
|-weather|SunnyDay|[upkeep]
|upkeep
|turn|7
|
|t:|1711942129
|move|p2a: Castform|Return|p1a: Flareon
|-damage|p1a: Flareon|168/258 par
|move|p1a: Flareon|Flame Charge|p2a: Castform
|-resisted|p2a: Castform
|-damage|p2a: Castform|209/299
|-boost|p1a: Flareon|spe|1
|
|-weather|none
|-formechange|p2a: Castform|Castform|[msg]|[from] ability: Forecast
|-heal|p2a: Castform|227/299|[from] item: Leftovers
|upkeep
|turn|8
|
|t:|1711942139
|move|p2a: Castform|Return|p1a: Flareon
|-damage|p1a: Flareon|15/258 par
|cant|p1a: Flareon|par
|
|-heal|p2a: Castform|245/299|[from] item: Leftovers
|upkeep
|turn|9
|
|t:|1711942145
|move|p2a: Castform|Return|p1a: Flareon
|-damage|p1a: Flareon|0 fnt
|faint|p1a: Flareon
|
|-heal|p2a: Castform|263/299|[from] item: Leftovers
|upkeep
|
|t:|1711942155
|switch|p1a: Clawitzer|Clawitzer, L87, M|265/265
|turn|10
|
|t:|1711942172
|switch|p2a: Tapu Fini|Tapu Fini, L80, shiny|234/243
|-fieldstart|move: Misty Terrain|[from] ability: Misty Surge|[of] p2a: Tapu Fini
|move|p1a: Clawitzer|Aura Sphere|p2a: Tapu Fini
|-resisted|p2a: Tapu Fini
|-damage|p2a: Tapu Fini|176/243
|
|-heal|p2a: Tapu Fini|191/243|[from] item: Leftovers
|upkeep
|turn|11
|
|t:|1711942185
|switch|p1a: Cradily|Cradily, L88, F|295/295
|move|p2a: Tapu Fini|Moonblast|p1a: Cradily
|-damage|p1a: Cradily|214/295
|
|-heal|p2a: Tapu Fini|206/243|[from] item: Leftovers
|-heal|p1a: Cradily|232/295|[from] item: Leftovers
|upkeep
|turn|12
|
|t:|1711942196
|switch|p2a: Castform|Castform, L99, M|263/299
|move|p1a: Cradily|Toxic|p2a: Castform
|-activate|p2a: Castform|move: Misty Terrain
|
|-heal|p2a: Castform|281/299|[from] item: Leftovers
|-heal|p1a: Cradily|250/295|[from] item: Leftovers
|upkeep
|turn|13
|
|t:|1711942216
|switch|p1a: Stoutland|Stoutland, L87, M|290/290
|-ability|p1a: Stoutland|Intimidate|boost
|-unboost|p2a: Castform|atk|1
|move|p2a: Castform|Ice Beam|p1a: Stoutland
|-damage|p1a: Stoutland|229/290
|
|-heal|p2a: Castform|299/299|[from] item: Leftovers
|upkeep
|turn|14
|
|t:|1711942221
|switch|p2a: Tapu Fini|Tapu Fini, L80, shiny|206/243
|move|p1a: Stoutland|Wild Charge|p2a: Tapu Fini
|-supereffective|p2a: Tapu Fini
|-damage|p2a: Tapu Fini|74/243
|-damage|p1a: Stoutland|196/290|[from] Recoil
|
|-heal|p2a: Tapu Fini|89/243|[from] item: Leftovers
|-fieldend|Misty Terrain
|upkeep
|turn|15
|
|t:|1711942231
|switch|p2a: Lycanroc|Lycanroc-Midnight, L86, M|286/286
|move|p1a: Stoutland|Wild Charge|p2a: Lycanroc
|-damage|p2a: Lycanroc|207/286
|-damage|p1a: Stoutland|176/290|[from] Recoil
|
|upkeep
|turn|16
|
|t:|1711942246
|switch|p1a: Cradily|Cradily, L88, F|250/295
|move|p2a: Lycanroc|Swords Dance|p2a: Lycanroc
|-boost|p2a: Lycanroc|atk|2
|
|-heal|p1a: Cradily|268/295|[from] item: Leftovers
|upkeep
|turn|17
|
|t:|1711942254
|-zpower|p2a: Lycanroc
|move|p2a: Lycanroc|Splintered Stormshards|p1a: Cradily|[zeffect]
|-damage|p1a: Cradily|0 fnt
|faint|p1a: Cradily
|
|upkeep
|
|t:|1711942256
|switch|p1a: Stoutland|Stoutland, L87, M|176/290
|-ability|p1a: Stoutland|Intimidate|boost
|-unboost|p2a: Lycanroc|atk|1
|turn|18
|
|t:|1711942260
|switch|p2a: Tapu Fini|Tapu Fini, L80, shiny|89/243
|-fieldstart|move: Misty Terrain|[from] ability: Misty Surge|[of] p2a: Tapu Fini
|move|p1a: Stoutland|Superpower|p2a: Tapu Fini
|-resisted|p2a: Tapu Fini
|-damage|p2a: Tapu Fini|49/243
|-unboost|p1a: Stoutland|atk|1
|-unboost|p1a: Stoutland|def|1
|
|-heal|p2a: Tapu Fini|64/243|[from] item: Leftovers
|upkeep
|turn|19
|
|t:|1711942265
|switch|p1a: Clawitzer|Clawitzer, L87, M|265/265
|move|p2a: Tapu Fini|Moonblast|p1a: Clawitzer
|-damage|p1a: Clawitzer|172/265
|
|-heal|p2a: Tapu Fini|79/243|[from] item: Leftovers
|upkeep
|turn|20
|
|t:|1711942276
|switch|p2a: Castform|Castform, L99, M|299/299
|move|p1a: Clawitzer|U-turn|p2a: Castform
|-damage|p2a: Castform|260/299
|
|t:|1711942283
|switch|p1a: Stoutland|Stoutland, L87, M|176/290|[from] U-turn
|-ability|p1a: Stoutland|Intimidate|boost
|-unboost|p2a: Castform|atk|1
|
|-heal|p2a: Castform|278/299|[from] item: Leftovers
|upkeep
|turn|21
|
|t:|1711942291
|move|p1a: Stoutland|Wild Charge|p2a: Castform
|-damage|p2a: Castform|207/299
|-damage|p1a: Stoutland|158/290|[from] Recoil
|move|p2a: Castform|Return|p1a: Stoutland
|-damage|p1a: Stoutland|83/290
|
|-heal|p2a: Castform|225/299|[from] item: Leftovers
|upkeep
|turn|22
|
|t:|1711942297
|switch|p1a: Clawitzer|Clawitzer, L87, M|172/265
|move|p2a: Castform|Return|p1a: Clawitzer
|-damage|p1a: Clawitzer|94/265
|
|-heal|p2a: Castform|243/299|[from] item: Leftovers
|-fieldend|Misty Terrain
|upkeep
|turn|23
|
|t:|1711942306
|move|p2a: Castform|Return|p1a: Clawitzer
|-damage|p1a: Clawitzer|24/265
|move|p1a: Clawitzer|U-turn|p2a: Castform
|-damage|p2a: Castform|203/299
|
|t:|1711942309
|switch|p1a: Stoutland|Stoutland, L87, M|83/290|[from] U-turn
|-ability|p1a: Stoutland|Intimidate|boost
|-unboost|p2a: Castform|atk|1
|
|-heal|p2a: Castform|221/299|[from] item: Leftovers
|upkeep
|turn|24
|
|t:|1711942311
|switch|p2a: Tapu Fini|Tapu Fini, L80, shiny|79/243
|-fieldstart|move: Misty Terrain|[from] ability: Misty Surge|[of] p2a: Tapu Fini
|move|p1a: Stoutland|Superpower|p2a: Tapu Fini
|-resisted|p2a: Tapu Fini
|-damage|p2a: Tapu Fini|39/243
|-unboost|p1a: Stoutland|atk|1
|-unboost|p1a: Stoutland|def|1
|
|-heal|p2a: Tapu Fini|54/243|[from] item: Leftovers
|upkeep
|turn|25
|
|t:|1711942330
|switch|p1a: Thundurus|Thundurus, L82, M|264/264
|move|p2a: Tapu Fini|Moonblast|p1a: Thundurus
|-damage|p1a: Thundurus|168/264
|
|-heal|p2a: Tapu Fini|69/243|[from] item: Leftovers
|upkeep
|turn|26
|
|t:|1711942347
|move|p1a: Thundurus|Thunderbolt|p2a: Tapu Fini
|-supereffective|p2a: Tapu Fini
|-damage|p2a: Tapu Fini|0 fnt
|faint|p2a: Tapu Fini
|-damage|p1a: Thundurus|142/264|[from] item: Life Orb
|
|upkeep
|
|t:|1711942350
|switch|p2a: Lycanroc|Lycanroc-Midnight, L86, M|207/286
|turn|27
|
|t:|1711942362
|switch|p1a: Stoutland|Stoutland, L87, M|83/290
|-ability|p1a: Stoutland|Intimidate|boost
|-unboost|p2a: Lycanroc|atk|1
|move|p2a: Lycanroc|Stone Edge|p1a: Stoutland
|-damage|p1a: Stoutland|8/290
|
|upkeep
|turn|28
|
|t:|1711942373
|move|p2a: Lycanroc|Sucker Punch|p1a: Stoutland
|-damage|p1a: Stoutland|0 fnt
|faint|p1a: Stoutland
|
|-fieldend|Misty Terrain
|upkeep
|-message|Rein_Entei forfeited.
|
|win|Mimiakyu
|raw|Rein_Entei's rating: 1381 &rarr; <strong>1370</strong><br />(-11 for losing)
|raw|Mimiakyu's rating: 1557 &rarr; <strong>1568</strong><br />(+11 for winning)
|l|☆Rein_Entei
|player|p1|
