{"id":"gen7randombattle-2093341307","format":"[Gen 7] Random Battle","players":["MeRrkava","mr3rdi"],"log":"|j|\u2606MeRrkava\n|j|\u2606mr3rdi\n|t:|1711941646\n|gametype|singles\n|player|p1|MeRrkava|cynthia|1000\n|player|p2|mr3rdi|102|1000\n|teamsize|p1|6\n|teamsize|p2|6\n|gen|7\n|tier|[Gen 7] Random Battle\n|rated|\n|rule|Sleep Clause Mod: Limit one foe put to sleep\n|rule|HP Percentage Mod: HP is shown in percentages\n|rule|Illusion Level Mod: Illusion disguises the Pok\u00e9mon's true level\n|\n|t:|1711941646\n|start\n|switch|p1a: Seismitoad|Seismitoad, L86, F|321\/321\n|switch|p2a: Espeon|Espeon, L84, M|246\/246\n|turn|1\n|\n|t:|1711941679\n|switch|p2a: Leafeon|Leafeon, L88, M|258\/258\n|move|p1a: Seismitoad|Stealth Rock|p2a: Leafeon\n|-sidestart|p2: mr3rdi|move: Stealth Rock\n|\n|upkeep\n|turn|2\n|\n|t:|1711941694\n|switch|p1a: Arbok|Arbok, L88, M|249\/249\n|-ability|p1a: Arbok|Intimidate|boost\n|-unboost|p2a: Leafeon|atk|1\n|move|p2a: Leafeon|Toxic|p1a: Arbok\n|-immune|p1a: Arbok\n|\n|upkeep\n|turn|3\n|\n|t:|1711941709\n|move|p2a: Leafeon|Knock Off|p1a: Arbok\n|-damage|p1a: Arbok|185\/249\n|-enditem|p1a: Arbok|Life Orb|[from] move: Knock Off|[of] p2a: Leafeon\n|move|p1a: Arbok|Coil|p1a: Arbok\n|-boost|p1a: Arbok|atk|1\n|-boost|p1a: Arbok|def|1\n|-boost|p1a: Arbok|accuracy|1\n|\n|upkeep\n|turn|4\n|\n|t:|1711941734\n|switch|p2a: Whiscash|Whiscash, L89, M|341\/341\n|-damage|p2a: Whiscash|320\/341|[from] Stealth Rock\n|move|p1a: Arbok|Coil|p1a: Arbok\n|-boost|p1a: Arbok|atk|1\n|-boost|p1a: Arbok|def|1\n|-boost|p1a: Arbok|accuracy|1\n|\n|upkeep\n|turn|5\n|\n|t:|1711941746\n|move|p1a: Arbok|Earthquake|p2a: Whiscash\n|-damage|p2a: Whiscash|159\/341\n|move|p2a: Whiscash|Earthquake|p1a: Arbok\n|-supereffective|p1a: Arbok\n|-damage|p1a: Arbok|37\/249\n|-damage|p2a: Whiscash|125\/341|[from] item: Life Orb\n|\n|upkeep\n|turn|6\n|\n|t:|1711941769\n|move|p1a: Arbok|Earthquake|p2a: Whiscash\n|-damage|p2a: Whiscash|0 fnt\n|faint|p2a: Whiscash\n|\n|upkeep\n|\n|t:|1711941779\n|switch|p2a: Leafeon|Leafeon, L88, M|258\/258\n|-damage|p2a: Leafeon|226\/258|[from] Stealth Rock\n|turn|7\n|\n|t:|1711941798\n|move|p1a: Arbok|Sucker Punch|p2a: Leafeon\n|-damage|p2a: Leafeon|156\/258\n|move|p2a: Leafeon|Leaf Blade|p1a: Arbok\n|-resisted|p1a: Arbok\n|-damage|p1a: Arbok|6\/249\n|\n|-heal|p2a: Leafeon|172\/258|[from] item: Leftovers\n|upkeep\n|turn|8\n|\n|t:|1711941808\n|move|p2a: Leafeon|Leaf Blade|p1a: Arbok\n|-resisted|p1a: Arbok\n|-damage|p1a: Arbok|0 fnt\n|faint|p1a: Arbok\n|\n|-heal|p2a: Leafeon|188\/258|[from] item: Leftovers\n|upkeep\n|\n|t:|1711941824\n|switch|p1a: Accelgor|Accelgor, L89, F|287\/287\n|turn|9\n|\n|t:|1711941835\n|switch|p2a: Passimian|Passimian, L85, F|309\/309\n|-damage|p2a: Passimian|290\/309|[from] Stealth Rock\n|move|p1a: Accelgor|Toxic Spikes|p2a: Passimian\n|-sidestart|p2: mr3rdi|move: Toxic Spikes\n|\n|-heal|p2a: Passimian|309\/309|[from] item: Leftovers\n|upkeep\n|turn|10\n|\n|t:|1711941848\n|switch|p1a: Slowking|Slowking, L88, F|310\/310\n|move|p2a: Passimian|Bulk Up|p2a: Passimian\n|-boost|p2a: Passimian|atk|1\n|-boost|p2a: Passimian|def|1\n|\n|upkeep\n|turn|11\n|\n|t:|1711941877\n|move|p2a: Passimian|Bulk Up|p2a: Passimian\n|-boost|p2a: Passimian|atk|1\n|-boost|p2a: Passimian|def|1\n|move|p1a: Slowking|Scald|p2a: Passimian\n|-damage|p2a: Passimian|183\/309\n|-status|p2a: Passimian|brn\n|\n|-heal|p2a: Passimian|202\/309 brn|[from] item: Leftovers\n|-damage|p2a: Passimian|183\/309 brn|[from] brn\n|upkeep\n|turn|12\n|\n|t:|1711941889\n|move|p2a: Passimian|Knock Off|p1a: Slowking\n|-supereffective|p1a: Slowking\n|-damage|p1a: Slowking|137\/310\n|-enditem|p1a: Slowking|Leftovers|[from] move: Knock Off|[of] p2a: Passimian\n|move|p1a: Slowking|Scald|p2a: Passimian\n|-damage|p2a: Passimian|69\/309 brn\n|\n|-heal|p2a: Passimian|88\/309 brn|[from] item: Leftovers\n|-damage|p2a: Passimian|69\/309 brn|[from] brn\n|upkeep\n|turn|13\n|\n|t:|1711941910\n|move|p2a: Passimian|Drain Punch|p1a: Slowking\n|-resisted|p1a: Slowking\n|-damage|p1a: Slowking|91\/310\n|-heal|p2a: Passimian|92\/309 brn|[from] drain|[of] p1a: Slowking\n|move|p1a: Slowking|Slack Off|p1a: Slowking\n|-heal|p1a: Slowking|246\/310\n|\n|-heal|p2a: Passimian|111\/309 brn|[from] item: Leftovers\n|-damage|p2a: Passimian|92\/309 brn|[from] brn\n|upkeep\n|turn|14\n|\n|t:|1711941925\n|move|p2a: Passimian|Bulk Up|p2a: Passimian\n|-boost|p2a: Passimian|atk|1\n|-boost|p2a: Passimian|def|1\n|move|p1a: Slowking|Scald|p2a: Passimian\n|-damage|p2a: Passimian|0 fnt\n|faint|p2a: Passimian\n|\n|upkeep\n|\n|t:|1711941937\n|switch|p2a: Leafeon|Leafeon, L88, M|188\/258\n|-damage|p2a: Leafeon|156\/258|[from] Stealth Rock\n|-status|p2a: Leafeon|psn\n|turn|15\n|\n|t:|1711941947\n|switch|p1a: Accelgor|Accelgor, L89, F|287\/287\n|move|p2a: Leafeon|Synthesis|p2a: Leafeon\n|-heal|p2a: Leafeon|258\/258 psn\n|\n|-damage|p2a: Leafeon|226\/258 psn|[from] psn\n|upkeep\n|turn|16\n|\n|t:|1711941958\n|move|p1a: Accelgor|Encore|p2a: Leafeon\n|-start|p2a: Leafeon|Encore\n|move|p2a: Leafeon|Synthesis|p2a: Leafeon\n|-heal|p2a: Leafeon|258\/258 psn\n|\n|-damage|p2a: Leafeon|226\/258 psn|[from] psn\n|upkeep\n|turn|17\n|\n|t:|1711941967\n|move|p1a: Accelgor|Bug Buzz|p2a: Leafeon\n|-supereffective|p2a: Leafeon\n|-damage|p2a: Leafeon|0 fnt\n|faint|p2a: Leafeon\n|\n|upkeep\n|\n|t:|1711941973\n|switch|p2a: Espeon|Espeon, L84, M|246\/246\n|-damage|p2a: Espeon|216\/246|[from] Stealth Rock\n|-status|p2a: Espeon|psn\n|turn|18\n|\n|t:|1711941983\n|move|p1a: Accelgor|Bug Buzz|p2a: Espeon\n|-supereffective|p2a: Espeon\n|-crit|p2a: Espeon\n|-damage|p2a: Espeon|0 fnt\n|faint|p2a: Espeon\n|\n|upkeep\n|\n|t:|1711941988\n|switch|p2a: Tapu Fini|Tapu Fini, L80|243\/243\n|-damage|p2a: Tapu Fini|213\/243|[from] Stealth Rock\n|-status|p2a: Tapu Fini|psn\n|-fieldstart|move: Misty Terrain|[from] ability: Misty Surge|[of] p2a: Tapu Fini\n|turn|19\n|\n|t:|1711942018\n|switch|p1a: Slowking|Slowking, L88, F|310\/310\n|move|p2a: Tapu Fini|Calm Mind|p2a: Tapu Fini\n|-boost|p2a: Tapu Fini|spa|1\n|-boost|p2a: Tapu Fini|spd|1\n|\n|-heal|p2a: Tapu Fini|228\/243 psn|[from] item: Leftovers\n|-damage|p2a: Tapu Fini|198\/243 psn|[from] psn\n|upkeep\n|turn|20\n|\n|t:|1711942037\n|move|p2a: Tapu Fini|Moonblast|p1a: Slowking\n|-damage|p1a: Slowking|207\/310\n|move|p1a: Slowking|Ice Beam|p2a: Tapu Fini\n|-resisted|p2a: Tapu Fini\n|-damage|p2a: Tapu Fini|179\/243 psn\n|\n|-heal|p2a: Tapu Fini|194\/243 psn|[from] item: Leftovers\n|-damage|p2a: Tapu Fini|164\/243 psn|[from] psn\n|upkeep\n|turn|21\n|\n|t:|1711942047\n|move|p2a: Tapu Fini|Calm Mind|p2a: Tapu Fini\n|-boost|p2a: Tapu Fini|spa|1\n|-boost|p2a: Tapu Fini|spd|1\n|move|p1a: Slowking|Slack Off|p1a: Slowking\n|-heal|p1a: Slowking|310\/310\n|\n|-heal|p2a: Tapu Fini|179\/243 psn|[from] item: Leftovers\n|-damage|p2a: Tapu Fini|149\/243 psn|[from] psn\n|upkeep\n|turn|22\n|\n|t:|1711942058\n|move|p2a: Tapu Fini|Calm Mind|p2a: Tapu Fini\n|-boost|p2a: Tapu Fini|spa|1\n|-boost|p2a: Tapu Fini|spd|1\n|move|p1a: Slowking|Ice Beam|p2a: Tapu Fini\n|-resisted|p2a: Tapu Fini\n|-damage|p2a: Tapu Fini|137\/243 psn\n|\n|-heal|p2a: Tapu Fini|152\/243 psn|[from] item: Leftovers\n|-damage|p2a: Tapu Fini|122\/243 psn|[from] psn\n|upkeep\n|turn|23\n|\n|t:|1711942070\n|move|p2a: Tapu Fini|Moonblast|p1a: Slowking\n|-damage|p1a: Slowking|133\/310\n|move|p1a: Slowking|Ice Beam|p2a: Tapu Fini\n|-resisted|p2a: Tapu Fini\n|-damage|p2a: Tapu Fini|111\/243 psn\n|\n|-heal|p2a: Tapu Fini|126\/243 psn|[from] item: Leftovers\n|-damage|p2a: Tapu Fini|96\/243 psn|[from] psn\n|-fieldend|Misty Terrain\n|upkeep\n|turn|24\n|\n|t:|1711942081\n|switch|p1a: Chimecho|Chimecho, L93, M|290\/290\n|move|p2a: Tapu Fini|Calm Mind|p2a: Tapu Fini\n|-boost|p2a: Tapu Fini|spa|1\n|-boost|p2a: Tapu Fini|spd|1\n|\n|-heal|p2a: Tapu Fini|111\/243 psn|[from] item: Leftovers\n|-damage|p2a: Tapu Fini|81\/243 psn|[from] psn\n|upkeep\n|turn|25\n|\n|t:|1711942096\n|move|p2a: Tapu Fini|Surf|p1a: Chimecho\n|-damage|p1a: Chimecho|64\/290\n|move|p1a: Chimecho|Knock Off|p2a: Tapu Fini\n|-resisted|p2a: Tapu Fini\n|-damage|p2a: Tapu Fini|58\/243 psn\n|-enditem|p2a: Tapu Fini|Leftovers|[from] move: Knock Off|[of] p1a: Chimecho\n|\n|-heal|p1a: Chimecho|82\/290|[from] item: Leftovers\n|-damage|p2a: Tapu Fini|28\/243 psn|[from] psn\n|upkeep\n|turn|26\n|\n|t:|1711942107\n|switch|p1a: Slowking|Slowking, L88, F|236\/310\n|move|p2a: Tapu Fini|Moonblast|p1a: Slowking\n|-damage|p1a: Slowking|10\/310\n|\n|-damage|p2a: Tapu Fini|0 fnt|[from] psn\n|faint|p2a: Tapu Fini\n|upkeep\n|\n|t:|1711942114\n|switch|p2a: Reshiram|Reshiram, L76|277\/277\n|-damage|p2a: Reshiram|208\/277|[from] Stealth Rock\n|-status|p2a: Reshiram|psn\n|-ability|p2a: Reshiram|Turboblaze\n|turn|27\n|\n|t:|1711942139\n|move|p2a: Reshiram|Draco Meteor|p1a: Slowking|[miss]\n|-miss|p2a: Reshiram|p1a: Slowking\n|move|p1a: Slowking|Scald|p2a: Reshiram\n|-damage|p2a: Reshiram|127\/277 psn\n|\n|-heal|p2a: Reshiram|144\/277 psn|[from] item: Leftovers\n|-damage|p2a: Reshiram|110\/277 psn|[from] psn\n|upkeep\n|turn|28\n|-message|mr3rdi forfeited.\n|\n|win|MeRrkava\n|raw|MeRrkava's rating: 1000 &rarr; <strong>1040<\/strong><br \/>(+40 for winning)\n|raw|mr3rdi's rating: 1000 &rarr; <strong>1000<\/strong><br \/>(+0 for losing)\n|l|\u2606mr3rdi\n|player|p2|\n","inputlog":">version 6cdde67ed88b47ab6b8ae5717517ae7b5d1ef27b\n>start {\"formatid\":\"gen7randombattle\",\"seed\":[46774,21752,3524,55427],\"rated\":\"Rated battle\"}\n>player p1 {\"name\":\"MeRrkava\",\"avatar\":\"cynthia\",\"rating\":1000,\"seed\":[11794,42951,4317,10541]}\n>player p2 {\"name\":\"mr3rdi\",\"avatar\":\"102\",\"rating\":1000,\"seed\":[45772,32553,15616,60713]}\n>p1 move stealthrock\n>p2 switch 3\n>p1 switch 5\n>p2 move toxic\n>p1 move coil\n>p2 move knockoff\n>p1 move coil\n>p2 switch 4\n>p1 move earthquake\n>p2 move earthquake\n>p1 move earthquake\n>p2 move waterfall\n>p2 switch 4\n>p1 move suckerpunch\n>p2 move leafblade\n>p1 move gunkshot\n>p2 move leafblade\n>p1 switch 6\n>p1 move toxicspikes\n>p2 switch 6\n>p1 switch 3\n>p2 move bulkup\n>p1 move scald\n>p2 move bulkup\n>p1 move scald\n>p2 move knockoff\n>p1 move slackoff\n>p2 move drainpunch\n>p1 move scald\n>p2 move bulkup\n>p2 switch 6\n>p1 switch 3\n>p2 move synthesis\n>p1 move encore\n>p2 move toxic\n>p1 move bugbuzz\n>p2 move synthesis\n>p2 switch 3\n>p1 move bugbuzz\n>p2 move dazzlinggleam\n>p2 switch 5\n>p1 switch 3\n>p2 move calmmind\n>p1 move icebeam\n>p2 move moonblast\n>p1 move slackoff\n>p2 move calmmind\n>p1 move icebeam\n>p2 move calmmind\n>p1 move icebeam\n>p2 move moonblast\n>p1 switch 4\n>p2 move calmmind\n>p1 move knockoff\n>p2 move surf\n>p1 switch 4\n>p2 move moonblast\n>p2 switch 2\n>p1 move scald\n>p2 move dracometeor\n>forcelose p2","uploadtime":1711942161,"views":2,"formatid":"gen7randombattle","rating":1000,"private":0,"password":null}