{"id":"gen7randombattle-2093308441","format":"[Gen 7] Random Battle","players":["Lothlorien2000","Thatoneguy09"],"log":"|j|\u2606Lothlorien2000\n|j|\u2606Thatoneguy09\n|t:|1711937432\n|gametype|singles\n|player|p1|Lothlorien2000|steven|1523\n|player|p2|Thatoneguy09|harlequin|1408\n|teamsize|p1|6\n|teamsize|p2|6\n|gen|7\n|tier|[Gen 7] Random Battle\n|rated|\n|rule|Sleep Clause Mod: Limit one foe put to sleep\n|rule|HP Percentage Mod: HP is shown in percentages\n|rule|Illusion Level Mod: Illusion disguises the Pok\u00e9mon's true level\n|\n|t:|1711937432\n|start\n|switch|p1a: Abomasnow|Abomasnow, L87, F|298\/298\n|switch|p2a: Raichu|Raichu, L88, M|249\/249\n|-weather|Hail|[from] ability: Snow Warning|[of] p1a: Abomasnow\n|turn|1\n|\n|t:|1711937475\n|move|p2a: Raichu|Nasty Plot|p2a: Raichu\n|-boost|p2a: Raichu|spa|2\n|move|p1a: Abomasnow|Blizzard|p2a: Raichu\n|-damage|p2a: Raichu|128\/249\n|\n|-weather|Hail|[upkeep]\n|-damage|p2a: Raichu|113\/249|[from] Hail\n|upkeep\n|turn|2\n|\n|t:|1711937493\n|move|p2a: Raichu|Focus Blast|p1a: Abomasnow\n|-supereffective|p1a: Abomasnow\n|-damage|p1a: Abomasnow|15\/298\n|-damage|p2a: Raichu|89\/249|[from] item: Life Orb\n|move|p1a: Abomasnow|Blizzard|p2a: Raichu\n|-damage|p2a: Raichu|0 fnt\n|faint|p2a: Raichu\n|\n|-weather|Hail|[upkeep]\n|upkeep\n|\n|t:|1711937527\n|switch|p2a: Heatmor|Heatmor, L90, M|299\/299\n|turn|3\n|\n|t:|1711937535\n|move|p2a: Heatmor|Fire Lash|p1a: Abomasnow\n|-supereffective|p1a: Abomasnow\n|-crit|p1a: Abomasnow\n|-damage|p1a: Abomasnow|0 fnt\n|faint|p1a: Abomasnow\n|-damage|p2a: Heatmor|270\/299|[from] item: Life Orb\n|\n|-weather|Hail|[upkeep]\n|-damage|p2a: Heatmor|252\/299|[from] Hail\n|upkeep\n|\n|t:|1711937553\n|switch|p1a: Magcargo|Magcargo, L93, F|262\/262\n|turn|4\n|\n|t:|1711937563\n|move|p2a: Heatmor|Superpower|p1a: Magcargo\n|-supereffective|p1a: Magcargo\n|-damage|p1a: Magcargo|75\/262\n|-unboost|p2a: Heatmor|atk|1\n|-unboost|p2a: Heatmor|def|1\n|-damage|p2a: Heatmor|223\/299|[from] item: Life Orb\n|move|p1a: Magcargo|Shell Smash|p1a: Magcargo\n|-unboost|p1a: Magcargo|def|1\n|-unboost|p1a: Magcargo|spd|1\n|-boost|p1a: Magcargo|atk|2\n|-boost|p1a: Magcargo|spa|2\n|-boost|p1a: Magcargo|spe|2\n|-enditem|p1a: Magcargo|White Herb\n|-clearnegativeboost|p1a: Magcargo|[silent]\n|\n|-weather|Hail|[upkeep]\n|-damage|p1a: Magcargo|59\/262|[from] Hail\n|-damage|p2a: Heatmor|205\/299|[from] Hail\n|upkeep\n|turn|5\n|\n|t:|1711937589\n|move|p2a: Heatmor|Sucker Punch|p1a: Magcargo\n|-damage|p1a: Magcargo|23\/262\n|-damage|p2a: Heatmor|176\/299|[from] item: Life Orb\n|move|p1a: Magcargo|Ancient Power|p2a: Heatmor\n|-supereffective|p2a: Heatmor\n|-damage|p2a: Heatmor|0 fnt\n|faint|p2a: Heatmor\n|\n|-weather|none\n|upkeep\n|\n|t:|1711937599\n|switch|p2a: Delcatty|Delcatty, L96, F|290\/290\n|turn|6\n|\n|t:|1711937606\n|move|p2a: Delcatty|Fake Out|p1a: Magcargo\n|-resisted|p1a: Magcargo\n|-damage|p1a: Magcargo|7\/262\n|cant|p1a: Magcargo|flinch\n|\n|upkeep\n|turn|7\n|\n|t:|1711937616\n|move|p2a: Delcatty|Stomping Tantrum|p1a: Magcargo\n|-supereffective|p1a: Magcargo\n|-damage|p1a: Magcargo|0 fnt\n|-status|p2a: Delcatty|brn|[from] ability: Flame Body|[of] p1a: Magcargo\n|faint|p1a: Magcargo\n|\n|-damage|p2a: Delcatty|272\/290 brn|[from] brn\n|upkeep\n|\n|t:|1711937642\n|switch|p1a: Mewtwo|Mewtwo, L71|268\/268\n|-ability|p1a: Mewtwo|Unnerve\n|turn|8\n|\n|t:|1711937651\n|detailschange|p1a: Mewtwo|Mewtwo-Mega-X, L71\n|-mega|p1a: Mewtwo|Mewtwo|Mewtwonite X\n|move|p2a: Delcatty|Thunder Wave|p1a: Mewtwo\n|-status|p1a: Mewtwo|par\n|move|p1a: Mewtwo|Bulk Up|p1a: Mewtwo\n|-boost|p1a: Mewtwo|atk|1\n|-boost|p1a: Mewtwo|def|1\n|\n|-damage|p2a: Delcatty|254\/290 brn|[from] brn\n|upkeep\n|turn|9\n|\n|t:|1711937675\n|switch|p2a: Meloetta|Meloetta, L82|298\/298\n|move|p1a: Mewtwo|Zen Headbutt|p2a: Meloetta\n|-resisted|p2a: Meloetta\n|-damage|p2a: Meloetta|203\/298\n|\n|upkeep\n|turn|10\n|\n|t:|1711937699\n|move|p2a: Meloetta|Relic Song|p1a: Mewtwo\n|-damage|p1a: Mewtwo|146\/268 par\n|-formechange|p2a: Meloetta|Meloetta-Pirouette|[msg]\n|-damage|p2a: Meloetta|174\/298|[from] item: Life Orb\n|move|p1a: Mewtwo|Drain Punch|p2a: Meloetta\n|-supereffective|p2a: Meloetta\n|-damage|p2a: Meloetta|0 fnt\n|-heal|p1a: Mewtwo|233\/268 par|[from] drain|[of] p2a: Meloetta\n|faint|p2a: Meloetta\n|\n|upkeep\n|\n|t:|1711937709\n|switch|p2a: Zygarde|Zygarde-10%, L83|225\/225\n|-ability|p2a: Zygarde|Aura Break\n|turn|11\n|\n|t:|1711937730\n|move|p2a: Zygarde|Coil|p2a: Zygarde\n|-boost|p2a: Zygarde|atk|1\n|-boost|p2a: Zygarde|def|1\n|-boost|p2a: Zygarde|accuracy|1\n|cant|p1a: Mewtwo|par\n|\n|upkeep\n|turn|12\n|\n|t:|1711937746\n|move|p2a: Zygarde|Coil|p2a: Zygarde\n|-boost|p2a: Zygarde|atk|1\n|-boost|p2a: Zygarde|def|1\n|-boost|p2a: Zygarde|accuracy|1\n|move|p1a: Mewtwo|Drain Punch|p2a: Zygarde\n|-damage|p2a: Zygarde|131\/225\n|-heal|p1a: Mewtwo|268\/268 par|[from] drain|[of] p2a: Zygarde\n|\n|upkeep\n|turn|13\n|\n|t:|1711937754\n|-zpower|p2a: Zygarde\n|move|p2a: Zygarde|Devastating Drake|p1a: Mewtwo|[zeffect]\n|-damage|p1a: Mewtwo|0 fnt\n|faint|p1a: Mewtwo\n|\n|upkeep\n|\n|t:|1711937769\n|switch|p1a: Noivern|Noivern, L84, M|279\/279\n|turn|14\n|\n|t:|1711937784\n|move|p1a: Noivern|Draco Meteor|p2a: Zygarde|[miss]\n|-miss|p1a: Noivern|p2a: Zygarde\n|move|p2a: Zygarde|Outrage|p1a: Noivern\n|-supereffective|p1a: Noivern\n|-damage|p1a: Noivern|0 fnt\n|faint|p1a: Noivern\n|\n|upkeep\n|\n|t:|1711937822\n|switch|p1a: Floette|Floette-Eternal, L82, F|256\/256\n|turn|15\n|\n|t:|1711937835\n|move|p1a: Floette|Moonblast|p2a: Zygarde\n|-supereffective|p2a: Zygarde\n|-damage|p2a: Zygarde|0 fnt\n|faint|p2a: Zygarde\n|\n|upkeep\n|\n|t:|1711937843\n|switch|p2a: Meganium|Meganium, L90, M|290\/290\n|turn|16\n|inactive|Battle timer is ON: inactive players will automatically lose when time's up. (requested by Thatoneguy09)\n|\n|t:|1711937888\n|switch|p1a: Giratina|Giratina, L76|353\/353\n|-ability|p1a: Giratina|Pressure\n|move|p2a: Meganium|Toxic|p1a: Giratina\n|-status|p1a: Giratina|tox\n|\n|-damage|p1a: Giratina|331\/353 tox|[from] psn\n|upkeep\n|turn|17\n|\n|t:|1711937898\n|move|p2a: Meganium|Leech Seed|p1a: Giratina\n|-start|p1a: Giratina|move: Leech Seed\n|move|p1a: Giratina|Shadow Ball|p2a: Meganium\n|-damage|p2a: Meganium|223\/290\n|\n|-heal|p2a: Meganium|241\/290|[from] item: Leftovers\n|-heal|p1a: Giratina|353\/353 tox|[from] item: Leftovers\n|-damage|p1a: Giratina|309\/353 tox|[from] Leech Seed|[of] p2a: Meganium\n|-heal|p2a: Meganium|285\/290|[silent]\n|-damage|p1a: Giratina|265\/353 tox|[from] psn\n|upkeep\n|turn|18\n|\n|t:|1711937913\n|move|p2a: Meganium|Giga Drain|p1a: Giratina\n|-resisted|p1a: Giratina\n|-damage|p1a: Giratina|231\/353 tox\n|-heal|p2a: Meganium|290\/290|[from] drain|[of] p1a: Giratina\n|move|p1a: Giratina|Shadow Ball|p2a: Meganium\n|-damage|p2a: Meganium|230\/290\n|\n|-heal|p2a: Meganium|248\/290|[from] item: Leftovers\n|-heal|p1a: Giratina|253\/353 tox|[from] item: Leftovers\n|-damage|p1a: Giratina|209\/353 tox|[from] Leech Seed|[of] p2a: Meganium\n|-heal|p2a: Meganium|290\/290|[silent]\n|-damage|p1a: Giratina|143\/353 tox|[from] psn\n|upkeep\n|turn|19\n|\n|t:|1711937925\n|move|p2a: Meganium|Giga Drain|p1a: Giratina\n|-resisted|p1a: Giratina\n|-damage|p1a: Giratina|108\/353 tox\n|move|p1a: Giratina|Rest|p1a: Giratina\n|-status|p1a: Giratina|slp|[from] move: Rest\n|-heal|p1a: Giratina|353\/353 slp|[silent]\n|\n|-damage|p1a: Giratina|309\/353 slp|[from] Leech Seed|[of] p2a: Meganium\n|upkeep\n|turn|20\n|\n|t:|1711937944\n|move|p2a: Meganium|Giga Drain|p1a: Giratina\n|-resisted|p1a: Giratina\n|-damage|p1a: Giratina|271\/353 slp\n|cant|p1a: Giratina|slp\n|move|p1a: Giratina|Sleep Talk|p1a: Giratina\n|move|p1a: Giratina|Rest||[from]move: Sleep Talk|[still]\n|-fail|p1a: Giratina\n|\n|-heal|p1a: Giratina|293\/353 slp|[from] item: Leftovers\n|-damage|p1a: Giratina|249\/353 slp|[from] Leech Seed|[of] p2a: Meganium\n|upkeep\n|turn|21\n|\n|t:|1711937953\n|move|p2a: Meganium|Giga Drain|p1a: Giratina\n|-resisted|p1a: Giratina\n|-damage|p1a: Giratina|216\/353 slp\n|cant|p1a: Giratina|slp\n|move|p1a: Giratina|Sleep Talk|p1a: Giratina\n|move|p1a: Giratina|Shadow Ball|p2a: Meganium|[from]move: Sleep Talk\n|-damage|p2a: Meganium|230\/290\n|-unboost|p2a: Meganium|spd|1\n|\n|-heal|p2a: Meganium|248\/290|[from] item: Leftovers\n|-heal|p1a: Giratina|238\/353 slp|[from] item: Leftovers\n|-damage|p1a: Giratina|194\/353 slp|[from] Leech Seed|[of] p2a: Meganium\n|-heal|p2a: Meganium|290\/290|[silent]\n|upkeep\n|turn|22\n|\n|t:|1711937967\n|move|p2a: Meganium|Giga Drain|p1a: Giratina\n|-resisted|p1a: Giratina\n|-damage|p1a: Giratina|156\/353 slp\n|-curestatus|p1a: Giratina|slp|[msg]\n|move|p1a: Giratina|Rest|p1a: Giratina\n|-status|p1a: Giratina|slp|[from] move: Rest\n|-heal|p1a: Giratina|353\/353 slp|[silent]\n|\n|-damage|p1a: Giratina|309\/353 slp|[from] Leech Seed|[of] p2a: Meganium\n|upkeep\n|turn|23\n|inactive|Lothlorien2000 has 120 seconds left.\n|inactive|Lothlorien2000 has 90 seconds left.\n|\n|t:|1711938038\n|switch|p2a: Delcatty|Delcatty, L96, F|254\/290 brn\n|cant|p1a: Giratina|slp\n|move|p1a: Giratina|Sleep Talk|p1a: Giratina\n|move|p1a: Giratina|Shadow Ball|p2a: Delcatty|[from]move: Sleep Talk\n|-immune|p2a: Delcatty\n|\n|-heal|p1a: Giratina|331\/353 slp|[from] item: Leftovers\n|-damage|p1a: Giratina|287\/353 slp|[from] Leech Seed|[of] p2a: Delcatty\n|-heal|p2a: Delcatty|290\/290 brn|[silent]\n|-damage|p2a: Delcatty|272\/290 brn|[from] brn\n|upkeep\n|turn|24\n|\n|t:|1711938053\n|move|p2a: Delcatty|Stomping Tantrum|p1a: Giratina\n|-damage|p1a: Giratina|265\/353 slp\n|cant|p1a: Giratina|slp\n|\n|-heal|p1a: Giratina|287\/353 slp|[from] item: Leftovers\n|-damage|p1a: Giratina|243\/353 slp|[from] Leech Seed|[of] p2a: Delcatty\n|-heal|p2a: Delcatty|290\/290 brn|[silent]\n|-damage|p2a: Delcatty|272\/290 brn|[from] brn\n|upkeep\n|turn|25\n|inactive|Lothlorien2000 has 60 seconds left.\n|\n|t:|1711938100\n|move|p2a: Delcatty|Stomping Tantrum|p1a: Giratina\n|-damage|p1a: Giratina|220\/353 slp\n|-curestatus|p1a: Giratina|slp|[msg]\n|move|p1a: Giratina|Dragon Tail|p2a: Delcatty\n|-damage|p2a: Delcatty|208\/290 brn\n|drag|p2a: Meganium|Meganium, L90, M|290\/290\n|\n|-heal|p1a: Giratina|242\/353|[from] item: Leftovers\n|-damage|p1a: Giratina|198\/353|[from] Leech Seed|[of] p2a: Meganium\n|upkeep\n|turn|26\n|\n|t:|1711938111\n|move|p2a: Meganium|Toxic|p1a: Giratina\n|-status|p1a: Giratina|tox\n|move|p1a: Giratina|Shadow Ball|p2a: Meganium\n|-damage|p2a: Meganium|226\/290\n|\n|-heal|p2a: Meganium|244\/290|[from] item: Leftovers\n|-heal|p1a: Giratina|220\/353 tox|[from] item: Leftovers\n|-damage|p1a: Giratina|176\/353 tox|[from] Leech Seed|[of] p2a: Meganium\n|-heal|p2a: Meganium|288\/290|[silent]\n|-damage|p1a: Giratina|154\/353 tox|[from] psn\n|upkeep\n|turn|27\n|\n|t:|1711938125\n|move|p2a: Meganium|Giga Drain|p1a: Giratina\n|-resisted|p1a: Giratina\n|-damage|p1a: Giratina|121\/353 tox\n|-heal|p2a: Meganium|290\/290|[from] drain|[of] p1a: Giratina\n|move|p1a: Giratina|Rest|p1a: Giratina\n|-status|p1a: Giratina|slp|[from] move: Rest\n|-heal|p1a: Giratina|353\/353 slp|[silent]\n|\n|-damage|p1a: Giratina|309\/353 slp|[from] Leech Seed|[of] p2a: Meganium\n|upkeep\n|turn|28\n|c|\u2606Thatoneguy09|bro\n|c|\u2606Thatoneguy09|could you like not?\n|\n|t:|1711938144\n|move|p2a: Meganium|Giga Drain|p1a: Giratina\n|-resisted|p1a: Giratina\n|-damage|p1a: Giratina|273\/353 slp\n|cant|p1a: Giratina|slp\n|move|p1a: Giratina|Sleep Talk|p1a: Giratina\n|move|p1a: Giratina|Rest||[from]move: Sleep Talk|[still]\n|-fail|p1a: Giratina\n|\n|-heal|p1a: Giratina|295\/353 slp|[from] item: Leftovers\n|-damage|p1a: Giratina|251\/353 slp|[from] Leech Seed|[of] p2a: Meganium\n|upkeep\n|turn|29\n|inactive|Lothlorien2000 has 60 seconds left.\n|\n|t:|1711938158\n|move|p2a: Meganium|Giga Drain|p1a: Giratina\n|-resisted|p1a: Giratina\n|-damage|p1a: Giratina|218\/353 slp\n|cant|p1a: Giratina|slp\n|move|p1a: Giratina|Sleep Talk|p1a: Giratina\n|move|p1a: Giratina|Rest||[from]move: Sleep Talk|[still]\n|-fail|p1a: Giratina\n|\n|-heal|p1a: Giratina|240\/353 slp|[from] item: Leftovers\n|-damage|p1a: Giratina|196\/353 slp|[from] Leech Seed|[of] p2a: Meganium\n|upkeep\n|turn|30\n|\n|t:|1711938172\n|move|p2a: Meganium|Toxic||[still]\n|-fail|p2a: Meganium\n|-curestatus|p1a: Giratina|slp|[msg]\n|move|p1a: Giratina|Shadow Ball|p2a: Meganium\n|-damage|p2a: Meganium|226\/290\n|-unboost|p2a: Meganium|spd|1\n|\n|-heal|p2a: Meganium|244\/290|[from] item: Leftovers\n|-heal|p1a: Giratina|218\/353|[from] item: Leftovers\n|-damage|p1a: Giratina|174\/353|[from] Leech Seed|[of] p2a: Meganium\n|-heal|p2a: Meganium|288\/290|[silent]\n|upkeep\n|turn|31\n|\n|t:|1711938183\n|move|p2a: Meganium|Toxic|p1a: Giratina\n|-status|p1a: Giratina|tox\n|move|p1a: Giratina|Shadow Ball|p2a: Meganium\n|-damage|p2a: Meganium|188\/290\n|\n|-heal|p2a: Meganium|206\/290|[from] item: Leftovers\n|-heal|p1a: Giratina|196\/353 tox|[from] item: Leftovers\n|-damage|p1a: Giratina|152\/353 tox|[from] Leech Seed|[of] p2a: Meganium\n|-heal|p2a: Meganium|250\/290|[silent]\n|-damage|p1a: Giratina|130\/353 tox|[from] psn\n|upkeep\n|turn|32\n|\n|t:|1711938194\n|move|p2a: Meganium|Synthesis|p2a: Meganium\n|-heal|p2a: Meganium|290\/290\n|move|p1a: Giratina|Rest|p1a: Giratina\n|-status|p1a: Giratina|slp|[from] move: Rest\n|-heal|p1a: Giratina|353\/353 slp|[silent]\n|\n|-damage|p1a: Giratina|309\/353 slp|[from] Leech Seed|[of] p2a: Meganium\n|upkeep\n|turn|33\n|c|\u2606Thatoneguy09|welp we're gonna be here a bit\n|\n|t:|1711938211\n|move|p2a: Meganium|Synthesis|p2a: Meganium\n|-fail|p2a: Meganium|heal\n|cant|p1a: Giratina|slp\n|move|p1a: Giratina|Sleep Talk|p1a: Giratina\n|move|p1a: Giratina|Shadow Ball|p2a: Meganium|[from]move: Sleep Talk\n|-damage|p2a: Meganium|190\/290\n|\n|-heal|p2a: Meganium|208\/290|[from] item: Leftovers\n|-heal|p1a: Giratina|331\/353 slp|[from] item: Leftovers\n|-damage|p1a: Giratina|287\/353 slp|[from] Leech Seed|[of] p2a: Meganium\n|-heal|p2a: Meganium|252\/290|[silent]\n|upkeep\n|turn|34\n|c|\u2606Thatoneguy09|so how was your day\n|\n|t:|1711938226\n|move|p2a: Meganium|Synthesis|p2a: Meganium\n|-heal|p2a: Meganium|290\/290\n|cant|p1a: Giratina|slp\n|move|p1a: Giratina|Sleep Talk|p1a: Giratina\n|move|p1a: Giratina|Dragon Tail|p2a: Meganium|[from]move: Sleep Talk\n|-damage|p2a: Meganium|247\/290\n|drag|p2a: Delcatty|Delcatty, L96, F|208\/290 brn\n|\n|-heal|p1a: Giratina|309\/353 slp|[from] item: Leftovers\n|-damage|p1a: Giratina|265\/353 slp|[from] Leech Seed|[of] p2a: Delcatty\n|-heal|p2a: Delcatty|252\/290 brn|[silent]\n|-damage|p2a: Delcatty|234\/290 brn|[from] brn\n|upkeep\n|turn|35\n|\n|t:|1711938243\n|move|p2a: Delcatty|Fake Out|p1a: Giratina\n|-immune|p1a: Giratina\n|-curestatus|p1a: Giratina|slp|[msg]\n|move|p1a: Giratina|Dragon Tail|p2a: Delcatty\n|-damage|p2a: Delcatty|170\/290 brn\n|drag|p2a: Meganium|Meganium, L90, M|247\/290\n|\n|-heal|p2a: Meganium|265\/290|[from] item: Leftovers\n|-heal|p1a: Giratina|287\/353|[from] item: Leftovers\n|-damage|p1a: Giratina|243\/353|[from] Leech Seed|[of] p2a: Meganium\n|-heal|p2a: Meganium|290\/290|[silent]\n|upkeep\n|turn|36\n|inactive|Lothlorien2000 has 90 seconds left.\n|\n|t:|1711938256\n|move|p2a: Meganium|Toxic|p1a: Giratina\n|-status|p1a: Giratina|tox\n|move|p1a: Giratina|Shadow Ball|p2a: Meganium\n|-damage|p2a: Meganium|230\/290\n|\n|-heal|p2a: Meganium|248\/290|[from] item: Leftovers\n|-heal|p1a: Giratina|265\/353 tox|[from] item: Leftovers\n|-damage|p1a: Giratina|221\/353 tox|[from] Leech Seed|[of] p2a: Meganium\n|-heal|p2a: Meganium|290\/290|[silent]\n|-damage|p1a: Giratina|199\/353 tox|[from] psn\n|upkeep\n|turn|37\n|inactive|Lothlorien2000 has 90 seconds left.\n|c|\u2606Thatoneguy09|yk you can just forfeit\n|inactive|Thatoneguy09 has 120 seconds left.\n|\n|t:|1711938272\n|move|p2a: Meganium|Synthesis|p2a: Meganium\n|-fail|p2a: Meganium|heal\n|move|p1a: Giratina|Shadow Ball|p2a: Meganium\n|-damage|p2a: Meganium|233\/290\n|\n|-heal|p2a: Meganium|251\/290|[from] item: Leftovers\n|-heal|p1a: Giratina|221\/353 tox|[from] item: Leftovers\n|-damage|p1a: Giratina|177\/353 tox|[from] Leech Seed|[of] p2a: Meganium\n|-heal|p2a: Meganium|290\/290|[silent]\n|-damage|p1a: Giratina|133\/353 tox|[from] psn\n|upkeep\n|turn|38\n|inactive|Thatoneguy09 has 120 seconds left.\n|\n|t:|1711938285\n|move|p2a: Meganium|Synthesis|p2a: Meganium\n|-fail|p2a: Meganium|heal\n|move|p1a: Giratina|Rest|p1a: Giratina\n|-status|p1a: Giratina|slp|[from] move: Rest\n|-heal|p1a: Giratina|353\/353 slp|[silent]\n|\n|-damage|p1a: Giratina|309\/353 slp|[from] Leech Seed|[of] p2a: Meganium\n|upkeep\n|turn|39\n|inactive|Thatoneguy09 has 120 seconds left.\n|c|\u2606Thatoneguy09|like are we really gonna pp stall?\n|\n|t:|1711938302\n|move|p2a: Meganium|Leech Seed||[still]\n|-fail|p2a: Meganium\n|cant|p1a: Giratina|slp\n|\n|-heal|p1a: Giratina|331\/353 slp|[from] item: Leftovers\n|-damage|p1a: Giratina|287\/353 slp|[from] Leech Seed|[of] p2a: Meganium\n|upkeep\n|turn|40\n|inactive|Thatoneguy09 has 120 seconds left.\n|\n|t:|1711938315\n|move|p2a: Meganium|Leech Seed||[still]\n|-fail|p2a: Meganium\n|cant|p1a: Giratina|slp\n|move|p1a: Giratina|Sleep Talk|p1a: Giratina\n|move|p1a: Giratina|Shadow Ball|p2a: Meganium|[from]move: Sleep Talk\n|-crit|p2a: Meganium\n|-damage|p2a: Meganium|191\/290\n|\n|-heal|p2a: Meganium|209\/290|[from] item: Leftovers\n|-heal|p1a: Giratina|309\/353 slp|[from] item: Leftovers\n|-damage|p1a: Giratina|265\/353 slp|[from] Leech Seed|[of] p2a: Meganium\n|-heal|p2a: Meganium|253\/290|[silent]\n|upkeep\n|turn|41\n|inactive|Thatoneguy09 has 120 seconds left.\n|\n|t:|1711938327\n|move|p2a: Meganium|Leech Seed||[still]\n|-fail|p2a: Meganium\n|-curestatus|p1a: Giratina|slp|[msg]\n|move|p1a: Giratina|Shadow Ball|p2a: Meganium\n|-damage|p2a: Meganium|193\/290\n|\n|-heal|p2a: Meganium|211\/290|[from] item: Leftovers\n|-heal|p1a: Giratina|287\/353|[from] item: Leftovers\n|-damage|p1a: Giratina|243\/353|[from] Leech Seed|[of] p2a: Meganium\n|-heal|p2a: Meganium|255\/290|[silent]\n|upkeep\n|turn|42\n|inactive|Thatoneguy09 has 120 seconds left.\n|\n|t:|1711938337\n|switch|p1a: Floette|Floette-Eternal, L82, F|256\/256\n|move|p2a: Meganium|Toxic|p1a: Floette\n|-status|p1a: Floette|tox\n|\n|-heal|p2a: Meganium|273\/290|[from] item: Leftovers\n|-damage|p1a: Floette|240\/256 tox|[from] psn\n|upkeep\n|turn|43\n|\n|t:|1711938345\n|move|p1a: Floette|Light of Ruin|p2a: Meganium\n|-damage|p2a: Meganium|128\/290\n|-damage|p1a: Floette|167\/256 tox|[from] Recoil\n|move|p2a: Meganium|Leech Seed|p1a: Floette\n|-start|p1a: Floette|move: Leech Seed\n|\n|-heal|p2a: Meganium|146\/290|[from] item: Leftovers\n|-damage|p1a: Floette|135\/256 tox|[from] Leech Seed|[of] p2a: Meganium\n|-heal|p2a: Meganium|178\/290|[silent]\n|-damage|p1a: Floette|103\/256 tox|[from] psn\n|upkeep\n|turn|44\n|\n|t:|1711938357\n|switch|p1a: Giratina|Giratina, L76|243\/353\n|-ability|p1a: Giratina|Pressure\n|move|p2a: Meganium|Synthesis|p2a: Meganium\n|-heal|p2a: Meganium|290\/290\n|\n|-heal|p1a: Giratina|265\/353|[from] item: Leftovers\n|upkeep\n|turn|45\n|\n|t:|1711938365\n|move|p2a: Meganium|Toxic|p1a: Giratina\n|-status|p1a: Giratina|tox\n|move|p1a: Giratina|Shadow Ball|p2a: Meganium\n|-damage|p2a: Meganium|232\/290\n|\n|-heal|p2a: Meganium|250\/290|[from] item: Leftovers\n|-heal|p1a: Giratina|287\/353 tox|[from] item: Leftovers\n|-damage|p1a: Giratina|265\/353 tox|[from] psn\n|upkeep\n|turn|46\n|\n|t:|1711938374\n|move|p2a: Meganium|Leech Seed|p1a: Giratina\n|-start|p1a: Giratina|move: Leech Seed\n|move|p1a: Giratina|Shadow Ball|p2a: Meganium\n|-damage|p2a: Meganium|189\/290\n|\n|-heal|p2a: Meganium|207\/290|[from] item: Leftovers\n|-heal|p1a: Giratina|287\/353 tox|[from] item: Leftovers\n|-damage|p1a: Giratina|243\/353 tox|[from] Leech Seed|[of] p2a: Meganium\n|-heal|p2a: Meganium|251\/290|[silent]\n|-damage|p1a: Giratina|199\/353 tox|[from] psn\n|upkeep\n|turn|47\n|\n|t:|1711938386\n|move|p2a: Meganium|Synthesis|p2a: Meganium\n|-heal|p2a: Meganium|290\/290\n|move|p1a: Giratina|Shadow Ball|p2a: Meganium\n|-damage|p2a: Meganium|226\/290\n|\n|-heal|p2a: Meganium|244\/290|[from] item: Leftovers\n|-heal|p1a: Giratina|221\/353 tox|[from] item: Leftovers\n|-damage|p1a: Giratina|177\/353 tox|[from] Leech Seed|[of] p2a: Meganium\n|-heal|p2a: Meganium|288\/290|[silent]\n|-damage|p1a: Giratina|111\/353 tox|[from] psn\n|upkeep\n|turn|48\n|\n|t:|1711938402\n|move|p2a: Meganium|Synthesis|p2a: Meganium\n|-heal|p2a: Meganium|290\/290\n|move|p1a: Giratina|Rest|p1a: Giratina\n|-status|p1a: Giratina|slp|[from] move: Rest\n|-heal|p1a: Giratina|353\/353 slp|[silent]\n|\n|-damage|p1a: Giratina|309\/353 slp|[from] Leech Seed|[of] p2a: Meganium\n|upkeep\n|turn|49\n|\n|t:|1711938410\n|switch|p2a: Delcatty|Delcatty, L96, F|170\/290 brn\n|cant|p1a: Giratina|slp\n|\n|-heal|p1a: Giratina|331\/353 slp|[from] item: Leftovers\n|-damage|p1a: Giratina|287\/353 slp|[from] Leech Seed|[of] p2a: Delcatty\n|-heal|p2a: Delcatty|214\/290 brn|[silent]\n|-damage|p2a: Delcatty|196\/290 brn|[from] brn\n|upkeep\n|turn|50\n|\n|t:|1711938420\n|move|p2a: Delcatty|Stomping Tantrum|p1a: Giratina\n|-damage|p1a: Giratina|266\/353 slp\n|cant|p1a: Giratina|slp\n|move|p1a: Giratina|Sleep Talk|p1a: Giratina\n|move|p1a: Giratina|Dragon Tail|p2a: Delcatty|[from]move: Sleep Talk\n|-damage|p2a: Delcatty|141\/290 brn\n|drag|p2a: Meganium|Meganium, L90, M|290\/290\n|\n|-heal|p1a: Giratina|288\/353 slp|[from] item: Leftovers\n|-damage|p1a: Giratina|244\/353 slp|[from] Leech Seed|[of] p2a: Meganium\n|upkeep\n|turn|51\n|\n|t:|1711938438\n|move|p2a: Meganium|Toxic||[still]\n|-fail|p2a: Meganium\n|-curestatus|p1a: Giratina|slp|[msg]\n|move|p1a: Giratina|Dragon Tail|p2a: Meganium\n|-damage|p2a: Meganium|248\/290\n|drag|p2a: Delcatty|Delcatty, L96, F|141\/290 brn\n|\n|-heal|p1a: Giratina|266\/353|[from] item: Leftovers\n|-damage|p1a: Giratina|222\/353|[from] Leech Seed|[of] p2a: Delcatty\n|-heal|p2a: Delcatty|185\/290 brn|[silent]\n|-damage|p2a: Delcatty|167\/290 brn|[from] brn\n|upkeep\n|turn|52\n|c|\u2606Thatoneguy09|I really fucking hate you, you know that?\n|\n|t:|1711938450\n|move|p2a: Delcatty|Stomping Tantrum|p1a: Giratina\n|-damage|p1a: Giratina|198\/353\n|move|p1a: Giratina|Dragon Tail|p2a: Delcatty\n|-damage|p2a: Delcatty|107\/290 brn\n|drag|p2a: Meganium|Meganium, L90, M|248\/290\n|\n|-heal|p2a: Meganium|266\/290|[from] item: Leftovers\n|-heal|p1a: Giratina|220\/353|[from] item: Leftovers\n|-damage|p1a: Giratina|176\/353|[from] Leech Seed|[of] p2a: Meganium\n|-heal|p2a: Meganium|290\/290|[silent]\n|upkeep\n|turn|53\n|\n|t:|1711938462\n|move|p2a: Meganium|Toxic|p1a: Giratina\n|-status|p1a: Giratina|tox\n|move|p1a: Giratina|Dragon Tail|p2a: Meganium\n|-damage|p2a: Meganium|244\/290\n|drag|p2a: Delcatty|Delcatty, L96, F|107\/290 brn\n|\n|-heal|p1a: Giratina|198\/353 tox|[from] item: Leftovers\n|-damage|p1a: Giratina|154\/353 tox|[from] Leech Seed|[of] p2a: Delcatty\n|-heal|p2a: Delcatty|151\/290 brn|[silent]\n|-damage|p1a: Giratina|132\/353 tox|[from] psn\n|-damage|p2a: Delcatty|133\/290 brn|[from] brn\n|upkeep\n|turn|54\n|c|\u2606Thatoneguy09|like you are genuinely a vile human being\n|\n|t:|1711938478\n|move|p2a: Delcatty|Stomping Tantrum|p1a: Giratina\n|-damage|p1a: Giratina|108\/353 tox\n|move|p1a: Giratina|Dragon Tail|p2a: Delcatty\n|-damage|p2a: Delcatty|70\/290 brn\n|drag|p2a: Meganium|Meganium, L90, M|244\/290\n|\n|-heal|p2a: Meganium|262\/290|[from] item: Leftovers\n|-heal|p1a: Giratina|130\/353 tox|[from] item: Leftovers\n|-damage|p1a: Giratina|86\/353 tox|[from] Leech Seed|[of] p2a: Meganium\n|-heal|p2a: Meganium|290\/290|[silent]\n|-damage|p1a: Giratina|42\/353 tox|[from] psn\n|upkeep\n|turn|55\n|\n|t:|1711938489\n|move|p2a: Meganium|Leech Seed||[still]\n|-fail|p2a: Meganium\n|move|p1a: Giratina|Rest|p1a: Giratina\n|-status|p1a: Giratina|slp|[from] move: Rest\n|-heal|p1a: Giratina|353\/353 slp|[silent]\n|\n|-damage|p1a: Giratina|309\/353 slp|[from] Leech Seed|[of] p2a: Meganium\n|upkeep\n|turn|56\n|c|\u2606Thatoneguy09|fuck this\n|-message|Thatoneguy09 forfeited.\n|\n|win|Lothlorien2000\n","inputlog":">version 6cdde67ed88b47ab6b8ae5717517ae7b5d1ef27b\n>start {\"formatid\":\"gen7randombattle\",\"seed\":[37515,21457,44,19954],\"rated\":\"Rated battle\"}\n>player p1 {\"name\":\"Lothlorien2000\",\"avatar\":\"steven\",\"rating\":1523,\"seed\":[45107,60489,3866,11304]}\n>player p2 {\"name\":\"Thatoneguy09\",\"avatar\":\"harlequin\",\"rating\":1408,\"seed\":[27089,25909,45122,112]}\n>p1 move blizzard\n>p2 move nastyplot\n>p1 move blizzard\n>p2 move focusblast\n>p2 switch 2\n>p1 move earthquake\n>p2 move firelash\n>p1 switch 5\n>p1 move shellsmash\n>p2 move superpower\n>p1 move ancientpower\n>p2 move suckerpunch\n>p2 switch 5\n>p1 move ancientpower\n>p2 move fakeout\n>p1 move ancientpower\n>p2 move stompingtantrum\n>p1 switch 6\n>p1 move bulkup mega\n>p2 move thunderwave\n>p1 move zenheadbutt\n>p2 switch 3\n>p1 move drainpunch\n>p2 move relicsong\n>p2 switch 4\n>p1 move bulkup\n>p2 move coil\n>p1 move drainpunch\n>p2 move coil\n>p1 move bulkup\n>p2 move outrage zmove\n>p1 switch 2\n>p1 move dracometeor\n>p2 move outrage\n>p1 switch 3\n>p1 move moonblast\n>p2 move outrage\n>p2 switch 6\n>p1 switch 4\n>p2 move toxic\n>p1 move shadowball\n>p2 move leechseed\n>p1 move shadowball\n>p2 move gigadrain\n>p1 move rest\n>p2 move gigadrain\n>p1 move sleeptalk\n>p2 move gigadrain\n>p1 move sleeptalk\n>p2 move gigadrain\n>p1 move rest\n>p2 move gigadrain\n>p1 move sleeptalk\n>p2 switch 3\n>p1 move shadowball\n>p2 move stompingtantrum\n>p1 move dragontail\n>p2 move stompingtantrum\n>p1 move shadowball\n>p2 move toxic\n>p1 move rest\n>p2 move gigadrain\n>chat \u2606Thatoneguy09|bro\n>chat \u2606Thatoneguy09|could you like not?\n>p1 move sleeptalk\n>p2 move gigadrain\n>p1 move sleeptalk\n>p2 move gigadrain\n>p1 move shadowball\n>p2 move toxic\n>p1 move shadowball\n>p2 move toxic\n>p1 move rest\n>p2 move synthesis\n>chat \u2606Thatoneguy09|welp we're gonna be here a bit\n>p1 move sleeptalk\n>p2 move synthesis\n>chat \u2606Thatoneguy09|so how was your day\n>p1 move sleeptalk\n>p2 move synthesis\n>p1 move dragontail\n>p2 move fakeout\n>p1 move shadowball\n>p2 move toxic\n>chat \u2606Thatoneguy09|yk you can just forfeit\n>p1 move shadowball\n>p2 move synthesis\n>p1 move rest\n>p2 move synthesis\n>chat \u2606Thatoneguy09|like are we really gonna pp stall?\n>p1 move rest\n>p2 move leechseed\n>p1 move sleeptalk\n>p2 move leechseed\n>p1 move shadowball\n>p2 move leechseed\n>p1 switch 4\n>p2 move toxic\n>p1 move lightofruin\n>p2 move leechseed\n>p1 switch 4\n>p2 move synthesis\n>p1 move shadowball\n>p2 move toxic\n>p1 move shadowball\n>p2 move leechseed\n>p1 move shadowball\n>p2 move synthesis\n>p1 move rest\n>p2 move synthesis\n>p1 move rest\n>p2 switch 3\n>p1 move sleeptalk\n>p2 move stompingtantrum\n>p1 move dragontail\n>p2 move toxic\n>chat \u2606Thatoneguy09|I really fucking hate you, you know that?\n>p1 move dragontail\n>p2 move stompingtantrum\n>p1 move dragontail\n>p2 move toxic\n>chat \u2606Thatoneguy09|like you are genuinely a vile human being\n>p1 move dragontail\n>p2 move stompingtantrum\n>p1 move rest\n>p2 move leechseed\n>chat \u2606Thatoneguy09|fuck this\n>forcelose p2","uploadtime":1711938443,"views":0,"formatid":"gen7randombattle","rating":null,"private":0,"password":null}