|j|☆tumalditamadrina
|j|☆samforaface
|t:|1711943979
|gametype|singles
|player|p1|tumalditamadrina|265|1066
|player|p2|samforaface|pokemaniac|1000
|teamsize|p1|6
|teamsize|p2|6
|gen|7
|tier|[Gen 7] Random Battle
|rated|
|rule|Sleep Clause Mod: Limit one foe put to sleep
|rule|HP Percentage Mod: HP is shown in percentages
|rule|Illusion Level Mod: Illusion disguises the Pokémon's true level
|
|t:|1711943979
|start
|switch|p1a: Serperior|Serperior, L80, M|234/234
|switch|p2a: Lycanroc|Lycanroc-Midnight, L86, M|286/286
|turn|1
|
|t:|1711943997
|move|p2a: Lycanroc|Sucker Punch||[still]
|-fail|p2a: Lycanroc
|move|p1a: Serperior|Leech Seed|p2a: Lycanroc
|-start|p2a: Lycanroc|move: Leech Seed
|
|-damage|p2a: Lycanroc|251/286|[from] Leech Seed|[of] p1a: Serperior
|upkeep
|turn|2
|
|t:|1711944036
|move|p1a: Serperior|Substitute|p1a: Serperior
|-start|p1a: Serperior|Substitute
|-damage|p1a: Serperior|176/234
|move|p2a: Lycanroc|Stomping Tantrum|p1a: Serperior
|-resisted|p1a: Serperior
|-end|p1a: Serperior|Substitute
|-damage|p2a: Lycanroc|223/286|[from] item: Life Orb
|
|-heal|p1a: Serperior|190/234|[from] item: Leftovers
|-damage|p2a: Lycanroc|188/286|[from] Leech Seed|[of] p1a: Serperior
|-heal|p1a: Serperior|225/234|[silent]
|upkeep
|turn|3
|
|t:|1711944051
|switch|p1a: Rotom|Rotom-Frost, L87|229/229
|move|p2a: Lycanroc|Stone Edge|p1a: Rotom
|-supereffective|p1a: Rotom
|-damage|p1a: Rotom|0 fnt
|faint|p1a: Rotom
|-damage|p2a: Lycanroc|160/286|[from] item: Life Orb
|
|upkeep
|
|t:|1711944062
|switch|p1a: Vileplume|Vileplume, L87, F|272/272
|turn|4
|
|t:|1711944069
|move|p2a: Lycanroc|Sucker Punch||[still]
|-fail|p2a: Lycanroc
|move|p1a: Vileplume|Strength Sap|p2a: Lycanroc
|-unboost|p2a: Lycanroc|atk|1
|
|-damage|p2a: Lycanroc|125/286|[from] Leech Seed|[of] p1a: Vileplume
|upkeep
|turn|5
|
|t:|1711944079
|move|p2a: Lycanroc|Stone Edge|p1a: Vileplume
|-crit|p1a: Vileplume
|-damage|p1a: Vileplume|19/272
|-damage|p2a: Lycanroc|97/286|[from] item: Life Orb
|move|p1a: Vileplume|Strength Sap|p2a: Lycanroc
|-unboost|p2a: Lycanroc|atk|1
|-heal|p1a: Vileplume|183/272
|
|-heal|p1a: Vileplume|200/272|[from] item: Black Sludge
|-damage|p2a: Lycanroc|62/286|[from] Leech Seed|[of] p1a: Vileplume
|-heal|p1a: Vileplume|235/272|[silent]
|upkeep
|turn|6
|
|t:|1711944098
|move|p2a: Lycanroc|Stone Edge|p1a: Vileplume
|-crit|p1a: Vileplume
|-damage|p1a: Vileplume|4/272
|-damage|p2a: Lycanroc|34/286|[from] item: Life Orb
|move|p1a: Vileplume|Strength Sap|p2a: Lycanroc
|-unboost|p2a: Lycanroc|atk|1
|-heal|p1a: Vileplume|127/272
|
|-heal|p1a: Vileplume|144/272|[from] item: Black Sludge
|-damage|p2a: Lycanroc|0 fnt|[from] Leech Seed|[of] p1a: Vileplume
|-heal|p1a: Vileplume|178/272|[silent]
|faint|p2a: Lycanroc
|upkeep
|
|t:|1711944112
|switch|p2a: Lunala|Lunala, L72|316/316
|turn|7
|
|t:|1711944119
|switch|p1a: Gothitelle|Gothitelle, L89, F|269/269
|move|p2a: Lunala|Moongeist Beam|p1a: Gothitelle
|-supereffective|p1a: Gothitelle
|-damage|p1a: Gothitelle|107/269
|
|-heal|p1a: Gothitelle|123/269|[from] item: Leftovers
|upkeep
|turn|8
|
|t:|1711944135
|move|p2a: Lunala|Psyshock|p1a: Gothitelle
|-resisted|p1a: Gothitelle
|-damage|p1a: Gothitelle|84/269
|move|p1a: Gothitelle|Signal Beam|p2a: Lunala
|-damage|p2a: Lunala|288/316
|
|-heal|p2a: Lunala|307/316|[from] item: Leftovers
|-heal|p1a: Gothitelle|100/269|[from] item: Leftovers
|upkeep
|turn|9
|
|t:|1711944153
|move|p2a: Lunala|Moongeist Beam|p1a: Gothitelle
|-supereffective|p1a: Gothitelle
|-damage|p1a: Gothitelle|0 fnt
|faint|p1a: Gothitelle
|
|-heal|p2a: Lunala|316/316|[from] item: Leftovers
|upkeep
|
|t:|1711944163
|switch|p1a: Vileplume|Vileplume, L87, F|178/272
|turn|10
|
|t:|1711944168
|move|p2a: Lunala|Moongeist Beam|p1a: Vileplume
|-damage|p1a: Vileplume|81/272
|move|p1a: Vileplume|Strength Sap|p2a: Lunala
|-unboost|p2a: Lunala|atk|1
|-heal|p1a: Vileplume|248/272
|
|-heal|p1a: Vileplume|265/272|[from] item: Black Sludge
|upkeep
|turn|11
|
|t:|1711944185
|move|p2a: Lunala|Moongeist Beam|p1a: Vileplume
|-damage|p1a: Vileplume|174/272
|move|p1a: Vileplume|Sludge Bomb|p2a: Lunala
|-resisted|p2a: Lunala
|-damage|p2a: Lunala|289/316
|
|-heal|p2a: Lunala|308/316|[from] item: Leftovers
|-heal|p1a: Vileplume|191/272|[from] item: Black Sludge
|upkeep
|turn|12
|
|t:|1711944197
|move|p2a: Lunala|Psyshock|p1a: Vileplume
|-supereffective|p1a: Vileplume
|-damage|p1a: Vileplume|39/272
|move|p1a: Vileplume|Sludge Bomb|p2a: Lunala
|-resisted|p2a: Lunala
|-damage|p2a: Lunala|252/316
|-status|p2a: Lunala|psn
|
|-heal|p2a: Lunala|271/316 psn|[from] item: Leftovers
|-heal|p1a: Vileplume|56/272|[from] item: Black Sludge
|-damage|p2a: Lunala|232/316 psn|[from] psn
|upkeep
|turn|13
|
|t:|1711944218
|move|p2a: Lunala|Psyshock|p1a: Vileplume
|-supereffective|p1a: Vileplume
|-damage|p1a: Vileplume|0 fnt
|faint|p1a: Vileplume
|
|-heal|p2a: Lunala|251/316 psn|[from] item: Leftovers
|-damage|p2a: Lunala|212/316 psn|[from] psn
|upkeep
|
|t:|1711944233
|switch|p1a: Slaking|Slaking, L84, M|389/389
|turn|14
|
|t:|1711944239
|move|p1a: Slaking|Earthquake|p2a: Lunala
|-crit|p2a: Lunala
|-damage|p2a: Lunala|40/316 psn
|move|p2a: Lunala|Moongeist Beam|p1a: Slaking
|-immune|p1a: Slaking
|
|-heal|p2a: Lunala|59/316 psn|[from] item: Leftovers
|-damage|p2a: Lunala|20/316 psn|[from] psn
|upkeep
|turn|15
|
|t:|1711944259
|cant|p1a: Slaking|ability: Truant
|move|p2a: Lunala|Psyshock|p1a: Slaking
|-damage|p1a: Slaking|308/389
|
|-heal|p2a: Lunala|39/316 psn|[from] item: Leftovers
|-damage|p2a: Lunala|0 fnt|[from] psn
|faint|p2a: Lunala
|upkeep
|
|t:|1711944276
|switch|p2a: Bouffalant|Bouffalant, L88, F|310/310
|turn|16
|
|t:|1711944285
|switch|p1a: Serperior|Serperior, L80, M|225/234
|move|p2a: Bouffalant|Earthquake|p1a: Serperior
|-resisted|p1a: Serperior
|-damage|p1a: Serperior|167/234
|
|-heal|p1a: Serperior|181/234|[from] item: Leftovers
|upkeep
|turn|17
|
|t:|1711944304
|move|p1a: Serperior|Leech Seed|p2a: Bouffalant
|-ability|p2a: Bouffalant|Sap Sipper|boost
|-boost|p2a: Bouffalant|atk|1
|move|p2a: Bouffalant|Earthquake|p1a: Serperior
|-resisted|p1a: Serperior
|-damage|p1a: Serperior|91/234
|
|-heal|p1a: Serperior|105/234|[from] item: Leftovers
|upkeep
|turn|18
|
|t:|1711944317
|move|p1a: Serperior|Substitute|p1a: Serperior
|-start|p1a: Serperior|Substitute
|-damage|p1a: Serperior|47/234
|move|p2a: Bouffalant|Earthquake|p1a: Serperior
|-resisted|p1a: Serperior
|-end|p1a: Serperior|Substitute
|
|-heal|p1a: Serperior|61/234|[from] item: Leftovers
|upkeep
|turn|19
|
|t:|1711944327
|switch|p1a: Kyogre|Kyogre, L70|256/256
|-weather|RainDance|[from] ability: Drizzle|[of] p1a: Kyogre
|move|p2a: Bouffalant|Earthquake|p1a: Kyogre
|-damage|p1a: Kyogre|24/256
|
|-weather|RainDance|[upkeep]
|upkeep
|turn|20
|
|t:|1711944336
|move|p1a: Kyogre|Origin Pulse|p2a: Bouffalant
|-damage|p2a: Bouffalant|52/310
|move|p2a: Bouffalant|Earthquake|p1a: Kyogre
|-damage|p1a: Kyogre|0 fnt
|faint|p1a: Kyogre
|
|-weather|RainDance|[upkeep]
|upkeep
|
|t:|1711944375
|switch|p1a: Slaking|Slaking, L84, M|308/389
|turn|21
|
|t:|1711944385
|move|p1a: Slaking|Earthquake|p2a: Bouffalant
|-damage|p2a: Bouffalant|0 fnt
|faint|p2a: Bouffalant
|
|-weather|RainDance|[upkeep]
|upkeep
|
|t:|1711944393
|switch|p2a: Noctowl|Noctowl, L93, F|337/337
|turn|22
|
|t:|1711944409
|switch|p1a: Serperior|Serperior, L80, M|61/234
|move|p2a: Noctowl|Hurricane|p1a: Serperior
|-supereffective|p1a: Serperior
|-damage|p1a: Serperior|0 fnt
|faint|p1a: Serperior
|
|-weather|RainDance|[upkeep]
|upkeep
|
|t:|1711944444
|switch|p1a: Slaking|Slaking, L84, M|308/389
|turn|23
|
|t:|1711944477
|move|p1a: Slaking|Retaliate|p2a: Noctowl
|-damage|p2a: Noctowl|52/337
|move|p2a: Noctowl|Toxic|p1a: Slaking|[miss]
|-miss|p2a: Noctowl|p1a: Slaking
|
|-weather|none
|-heal|p2a: Noctowl|73/337|[from] item: Leftovers
|upkeep
|turn|24
|
|t:|1711944487
|cant|p1a: Slaking|ability: Truant
|move|p2a: Noctowl|Hurricane|p1a: Slaking|[miss]
|-miss|p2a: Noctowl|p1a: Slaking
|
|-heal|p2a: Noctowl|94/337|[from] item: Leftovers
|upkeep
|turn|25
|
|t:|1711944505
|move|p1a: Slaking|Retaliate|p2a: Noctowl
|-damage|p2a: Noctowl|0 fnt
|faint|p2a: Noctowl
|
|upkeep
|
|t:|1711944512
|switch|p2a: Oricorio|Oricorio-Pom-Pom, L87, M|272/272
|turn|26
|
|t:|1711944526
|cant|p1a: Slaking|ability: Truant
|move|p2a: Oricorio|Revelation Dance|p1a: Slaking
|-damage|p1a: Slaking|170/389
|
|upkeep
|turn|27
|
|t:|1711944536
|move|p1a: Slaking|Retaliate|p2a: Oricorio
|-damage|p2a: Oricorio|152/272
|move|p2a: Oricorio|Hurricane|p1a: Slaking
|-damage|p1a: Slaking|20/389
|-start|p1a: Slaking|confusion
|
|-heal|p2a: Oricorio|169/272|[from] item: Leftovers
|upkeep
|turn|28
|
|t:|1711944548
|cant|p1a: Slaking|ability: Truant
|move|p2a: Oricorio|Revelation Dance|p1a: Slaking
|-damage|p1a: Slaking|0 fnt
|faint|p1a: Slaking
|
|win|samforaface
|raw|tumalditamadrina's rating: 1066 &rarr; <strong>1042</strong><br />(-24 for losing)
|raw|samforaface's rating: 1000 &rarr; <strong>1048</strong><br />(+48 for winning)
