{"id":"gen7randombattle-2093357844","format":"[Gen 7] Random Battle","players":["MeRrkava","digger11"],"log":"|j|\u2606MeRrkava\n|j|\u2606digger11\n|t:|1711944016\n|gametype|singles\n|player|p1|MeRrkava|cynthia|1108\n|player|p2|digger11|n|1067\n|teamsize|p1|6\n|teamsize|p2|6\n|gen|7\n|tier|[Gen 7] Random Battle\n|rated|\n|rule|Sleep Clause Mod: Limit one foe put to sleep\n|rule|HP Percentage Mod: HP is shown in percentages\n|rule|Illusion Level Mod: Illusion disguises the Pok\u00e9mon's true level\n|\n|t:|1711944016\n|start\n|switch|p1a: Venomoth|Venomoth, L82, F|249\/249\n|switch|p2a: Palossand|Palossand, L89, F|296\/296\n|turn|1\n|\n|t:|1711944050\n|switch|p1a: Torterra|Torterra, L88, F|310\/310\n|switch|p2a: Mightyena|Mightyena, L94, F|284\/284\n|\n|upkeep\n|turn|2\n|\n|t:|1711944067\n|move|p2a: Mightyena|Crunch|p1a: Torterra\n|-damage|p1a: Torterra|189\/310\n|move|p1a: Torterra|Rock Polish|p1a: Torterra\n|-boost|p1a: Torterra|spe|2\n|\n|-heal|p1a: Torterra|208\/310|[from] item: Leftovers\n|upkeep\n|turn|3\n|\n|t:|1711944079\n|move|p1a: Torterra|Earthquake|p2a: Mightyena\n|-damage|p2a: Mightyena|146\/284\n|move|p2a: Mightyena|Crunch|p1a: Torterra\n|-damage|p1a: Torterra|85\/310\n|\n|-heal|p1a: Torterra|104\/310|[from] item: Leftovers\n|upkeep\n|turn|4\n|\n|t:|1711944088\n|move|p1a: Torterra|Wood Hammer|p2a: Mightyena\n|-damage|p2a: Mightyena|0 fnt\n|faint|p2a: Mightyena\n|-damage|p1a: Torterra|56\/310|[from] Recoil\n|\n|-heal|p1a: Torterra|75\/310|[from] item: Leftovers\n|upkeep\n|\n|t:|1711944118\n|switch|p2a: Pheromosa|Pheromosa, L76|233\/233\n|turn|5\n|\n|t:|1711944127\n|move|p1a: Torterra|Stone Edge|p2a: Pheromosa\n|-damage|p2a: Pheromosa|69\/233\n|move|p2a: Pheromosa|Ice Beam|p1a: Torterra\n|-supereffective|p1a: Torterra\n|-damage|p1a: Torterra|0 fnt\n|faint|p1a: Torterra\n|-ability|p2a: Pheromosa|Beast Boost|boost\n|-boost|p2a: Pheromosa|spe|1\n|\n|upkeep\n|\n|t:|1711944144\n|switch|p1a: Scolipede|Scolipede, L82, M|233\/233\n|turn|6\n|\n|t:|1711944169\n|switch|p2a: Alakazam|Alakazam, L79, F|216\/216\n|move|p1a: Scolipede|Swords Dance|p1a: Scolipede\n|-boost|p1a: Scolipede|atk|2\n|\n|-ability|p1a: Scolipede|Speed Boost|boost\n|-boost|p1a: Scolipede|spe|1\n|upkeep\n|turn|7\n|\n|t:|1711944192\n|detailschange|p2a: Alakazam|Alakazam-Mega, L79, F\n|-mega|p2a: Alakazam|Alakazam|Alakazite\n|-ability|p2a: Alakazam|Speed Boost|[from] ability: Trace|[of] p1a: Scolipede\n|move|p1a: Scolipede|Megahorn|p2a: Alakazam\n|-supereffective|p2a: Alakazam\n|-damage|p2a: Alakazam|0 fnt\n|faint|p2a: Alakazam\n|-damage|p1a: Scolipede|210\/233|[from] item: Life Orb\n|\n|-ability|p1a: Scolipede|Speed Boost|boost\n|-boost|p1a: Scolipede|spe|1\n|upkeep\n|\n|t:|1711944205\n|switch|p2a: Mawile|Mawile, L89, F|234\/234\n|turn|8\n|-message|digger11 forfeited.\n|\n|win|MeRrkava\n|raw|MeRrkava's rating: 1108 &rarr; <strong>1130<\/strong><br \/>(+22 for winning)\n|raw|digger11's rating: 1067 &rarr; <strong>1049<\/strong><br \/>(-18 for losing)\n|l|\u2606digger11\n|player|p2|\n","inputlog":">version 6cdde67ed88b47ab6b8ae5717517ae7b5d1ef27b\n>start {\"formatid\":\"gen7randombattle\",\"seed\":[4566,37696,10159,4547],\"rated\":\"Rated battle\"}\n>player p1 {\"name\":\"MeRrkava\",\"avatar\":\"cynthia\",\"rating\":1108,\"seed\":[25384,30718,53619,38455]}\n>player p2 {\"name\":\"digger11\",\"avatar\":\"n\",\"rating\":1067,\"seed\":[26290,17795,16214,63351]}\n>p1 switch 2\n>p2 switch 4\n>p1 move rockpolish\n>p2 move crunch\n>p1 move earthquake\n>p2 move crunch\n>p1 move woodhammer\n>p2 move crunch\n>p2 switch 5\n>p1 move stoneedge\n>p2 move icebeam\n>p1 switch 5\n>p1 move swordsdance\n>p2 switch 3\n>p1 move megahorn\n>p2 move encore mega\n>p2 switch 2\n>forcelose p2","uploadtime":1711944238,"views":2,"formatid":"gen7randombattle","rating":1049,"private":0,"password":null}