|j|☆Barrazzi5494
|j|☆MeRrkava
|t:|1711944391
|gametype|singles
|player|p1|Barrazzi5494|red|1051
|player|p2|MeRrkava|cynthia|1130
|teamsize|p1|6
|teamsize|p2|6
|gen|7
|tier|[Gen 7] Random Battle
|rated|
|rule|Sleep Clause Mod: Limit one foe put to sleep
|rule|HP Percentage Mod: HP is shown in percentages
|rule|Illusion Level Mod: Illusion disguises the Pokémon's true level
|
|t:|1711944391
|start
|switch|p1a: Furfrou|Furfrou-Kabuki, L86, M|269/269
|switch|p2a: Durant|Durant, L82, F|229/229
|turn|1
|inactive|Battle timer is ON: inactive players will automatically lose when time's up. (requested by Barrazzi5494)
|
|t:|1711944417
|switch|p1a: Emolga|Emolga, L89, M|243/243
|move|p2a: Durant|Hone Claws|p2a: Durant
|-boost|p2a: Durant|atk|1
|-boost|p2a: Durant|accuracy|1
|
|upkeep
|turn|2
|
|t:|1711944427
|move|p1a: Emolga|Thunderbolt|p2a: Durant
|-damage|p2a: Durant|82/229
|-status|p2a: Durant|par
|cant|p2a: Durant|par
|
|upkeep
|turn|3
|
|t:|1711944435
|move|p1a: Emolga|Thunderbolt|p2a: Durant
|-crit|p2a: Durant
|-damage|p2a: Durant|0 fnt
|faint|p2a: Durant
|
|upkeep
|inactive|MeRrkava has 120 seconds left.
|
|t:|1711944472
|switch|p2a: Stantler|Stantler, L90, M|277/277
|-ability|p2a: Stantler|Intimidate|boost
|-unboost|p1a: Emolga|atk|1
|turn|4
|inactive|MeRrkava has 120 seconds left.
|
|t:|1711944478
|move|p1a: Emolga|Toxic|p2a: Stantler
|-status|p2a: Stantler|tox
|move|p2a: Stantler|Double-Edge|p1a: Emolga
|-damage|p1a: Emolga|0 fnt
|faint|p1a: Emolga
|-damage|p2a: Stantler|197/277 tox|[from] Recoil
|
|-damage|p2a: Stantler|180/277 tox|[from] psn
|upkeep
|
|t:|1711944504
|switch|p1a: Doublade|Doublade, L84, F|236/236
|turn|5
|inactive|MeRrkava has 120 seconds left.
|
|t:|1711944527
|switch|p2a: Umbreon|Umbreon, L84, M|297/297
|move|p1a: Doublade|Swords Dance|p1a: Doublade
|-boost|p1a: Doublade|atk|2
|
|upkeep
|turn|6
|inactive|MeRrkava has 120 seconds left.
|
|t:|1711944535
|switch|p1a: Articuno|Articuno, L87|298/298
|-ability|p1a: Articuno|Pressure
|move|p2a: Umbreon|Foul Play|p1a: Articuno
|-damage|p1a: Articuno|235/298
|
|-heal|p1a: Articuno|253/298|[from] item: Leftovers
|upkeep
|turn|7
|inactive|MeRrkava has 120 seconds left.
|
|t:|1711944562
|move|p1a: Articuno|Freeze-Dry|p2a: Umbreon
|-damage|p2a: Umbreon|239/297
|move|p2a: Umbreon|Toxic|p1a: Articuno|[miss]
|-miss|p2a: Umbreon|p1a: Articuno
|
|-heal|p1a: Articuno|271/298|[from] item: Leftovers
|-heal|p2a: Umbreon|257/297|[from] item: Leftovers
|upkeep
|turn|8
|
|t:|1711944576
|move|p1a: Articuno|Freeze-Dry|p2a: Umbreon
|-damage|p2a: Umbreon|203/297
|move|p2a: Umbreon|Toxic|p1a: Articuno
|-status|p1a: Articuno|tox
|
|-heal|p1a: Articuno|289/298 tox|[from] item: Leftovers
|-heal|p2a: Umbreon|221/297|[from] item: Leftovers
|-damage|p1a: Articuno|271/298 tox|[from] psn
|upkeep
|turn|9
|
|t:|1711944587
|move|p1a: Articuno|Toxic|p2a: Umbreon
|-status|p2a: Umbreon|tox
|-activate|p2a: Umbreon|ability: Synchronize
|-fail|p1a: Articuno|tox
|move|p2a: Umbreon|Moonlight|p2a: Umbreon
|-heal|p2a: Umbreon|297/297 tox
|
|-heal|p1a: Articuno|289/298 tox|[from] item: Leftovers
|-damage|p1a: Articuno|253/298 tox|[from] psn
|-damage|p2a: Umbreon|279/297 tox|[from] psn
|upkeep
|turn|10
|
|t:|1711944599
|move|p1a: Articuno|Hurricane|p2a: Umbreon
|-damage|p2a: Umbreon|183/297 tox
|move|p2a: Umbreon|Heal Bell|p2a: Umbreon
|-activate|p2a: Umbreon|move: Heal Bell
|-curestatus|p2a: Umbreon|tox|[msg]
|-curestatus|p2: Stantler|tox|[msg]
|
|-heal|p1a: Articuno|271/298 tox|[from] item: Leftovers
|-heal|p2a: Umbreon|201/297|[from] item: Leftovers
|-damage|p1a: Articuno|217/298 tox|[from] psn
|upkeep
|turn|11
|
|t:|1711944615
|move|p1a: Articuno|Hurricane|p2a: Umbreon|[miss]
|-miss|p1a: Articuno|p2a: Umbreon
|move|p2a: Umbreon|Moonlight|p2a: Umbreon
|-heal|p2a: Umbreon|297/297
|
|-heal|p1a: Articuno|235/298 tox|[from] item: Leftovers
|-damage|p1a: Articuno|163/298 tox|[from] psn
|upkeep
|turn|12
|
|t:|1711944633
|move|p1a: Articuno|Hurricane|p2a: Umbreon
|-damage|p2a: Umbreon|212/297
|-start|p2a: Umbreon|confusion
|-activate|p2a: Umbreon|confusion
|move|p2a: Umbreon|Foul Play|p1a: Articuno
|-damage|p1a: Articuno|102/298 tox
|
|-heal|p1a: Articuno|120/298 tox|[from] item: Leftovers
|-heal|p2a: Umbreon|230/297|[from] item: Leftovers
|-damage|p1a: Articuno|30/298 tox|[from] psn
|upkeep
|turn|13
|inactive|MeRrkava has 90 seconds left.
|
|t:|1711944658
|move|p1a: Articuno|Hurricane|p2a: Umbreon|[miss]
|-miss|p1a: Articuno|p2a: Umbreon
|-activate|p2a: Umbreon|confusion
|-damage|p2a: Umbreon|212/297|[from] confusion
|
|-heal|p1a: Articuno|48/298 tox|[from] item: Leftovers
|-heal|p2a: Umbreon|230/297|[from] item: Leftovers
|-damage|p1a: Articuno|0 fnt|[from] psn
|faint|p1a: Articuno
|upkeep
|
|t:|1711944670
|switch|p1a: Furfrou|Furfrou-Kabuki, L86, M|269/269
|turn|14
|
|t:|1711944675
|switch|p2a: Togedemaru|Togedemaru, L86, F|252/252
|move|p1a: Furfrou|Cotton Guard|p1a: Furfrou
|-boost|p1a: Furfrou|def|3
|
|upkeep
|turn|15
|
|t:|1711944688
|switch|p1a: Banette|Banette, L87, M|253/253
|move|p2a: Togedemaru|Zing Zap|p1a: Banette
|-damage|p1a: Banette|153/253
|-start|p2a: Togedemaru|Disable|Zing Zap|[from] ability: Cursed Body|[of] p1a: Banette
|
|upkeep
|turn|16
|
|t:|1711944698
|detailschange|p1a: Banette|Banette-Mega, L87, M
|-mega|p1a: Banette|Banette|Banettite
|move|p2a: Togedemaru|Spiky Shield|p2a: Togedemaru
|-singleturn|p2a: Togedemaru|move: Protect
|move|p1a: Banette|Knock Off|p2a: Togedemaru
|-activate|p2a: Togedemaru|move: Protect
|-damage|p1a: Banette|122/253|[from] Spiky Shield|[of] p2a: Togedemaru
|
|upkeep
|turn|17
|
|t:|1711944712
|move|p2a: Togedemaru|U-turn|p1a: Banette
|-resisted|p1a: Banette
|-damage|p1a: Banette|95/253
|
|t:|1711944717
|switch|p2a: Umbreon|Umbreon, L84, M|230/297|[from] U-turn
|move|p1a: Banette|Knock Off|p2a: Umbreon
|-resisted|p2a: Umbreon
|-damage|p2a: Umbreon|184/297
|-enditem|p2a: Umbreon|Leftovers|[from] move: Knock Off|[of] p1a: Banette
|
|upkeep
|turn|18
|
|t:|1711944733
|move|p1a: Banette|Gunk Shot|p2a: Umbreon|[miss]
|-miss|p1a: Banette|p2a: Umbreon
|move|p2a: Umbreon|Foul Play|p1a: Banette
|-supereffective|p1a: Banette
|-damage|p1a: Banette|0 fnt
|faint|p1a: Banette
|
|upkeep
|
|t:|1711944743
|switch|p1a: Greninja|Greninja, L79, M|243/243
|turn|19
|
|t:|1711944751
|move|p1a: Greninja|Gunk Shot|p2a: Umbreon
|-start|p1a: Greninja|typechange|Poison|[from] ability: Protean
|-damage|p2a: Umbreon|54/297
|-damage|p1a: Greninja|219/243|[from] item: Life Orb
|move|p2a: Umbreon|Toxic|p1a: Greninja
|-immune|p1a: Greninja
|
|upkeep
|turn|20
|inactive|MeRrkava has 120 seconds left.
|
|t:|1711944763
|switch|p2a: Reuniclus|Reuniclus, L87, M|333/333
|move|p1a: Greninja|Gunk Shot|p2a: Reuniclus
|-damage|p2a: Reuniclus|169/333
|-status|p2a: Reuniclus|psn
|-damage|p1a: Greninja|195/243|[from] item: Life Orb
|
|upkeep
|turn|21
|inactive|MeRrkava has 120 seconds left.
|
|t:|1711944775
|switch|p1a: Furfrou|Furfrou-Kabuki, L86, M|269/269
|move|p2a: Reuniclus|Psyshock|p1a: Furfrou
|-damage|p1a: Furfrou|179/269
|
|upkeep
|turn|22
|inactive|MeRrkava has 120 seconds left.
|
|t:|1711944786
|move|p1a: Furfrou|Cotton Guard|p1a: Furfrou
|-boost|p1a: Furfrou|def|3
|move|p2a: Reuniclus|Trick Room|p2a: Reuniclus
|-fieldstart|move: Trick Room|[of] p2a: Reuniclus
|
|upkeep
|turn|23
|inactive|MeRrkava has 120 seconds left.
|
|t:|1711944792
|move|p2a: Reuniclus|Focus Blast|p1a: Furfrou
|-supereffective|p1a: Furfrou
|-damage|p1a: Furfrou|0 fnt
|faint|p1a: Furfrou
|
|upkeep
|
|t:|1711944802
|switch|p1a: Doublade|Doublade, L84, F|236/236
|turn|24
|
|t:|1711944806
|move|p2a: Reuniclus|Shadow Ball|p1a: Doublade
|-supereffective|p1a: Doublade
|-damage|p1a: Doublade|54/236
|move|p1a: Doublade|Swords Dance|p1a: Doublade
|-boost|p1a: Doublade|atk|2
|
|upkeep
|turn|25
|
|t:|1711944814
|move|p1a: Doublade|Shadow Sneak|p2a: Reuniclus
|-supereffective|p2a: Reuniclus
|-damage|p2a: Reuniclus|0 fnt
|faint|p2a: Reuniclus
|
|upkeep
|
|t:|1711944829
|switch|p2a: Blastoise|Blastoise, L83, F|267/267
|turn|26
|
|t:|1711944835
|detailschange|p2a: Blastoise|Blastoise-Mega, L83, F
|-mega|p2a: Blastoise|Blastoise|Blastoisinite
|move|p1a: Doublade|Iron Head|p2a: Blastoise
|-resisted|p2a: Blastoise
|-damage|p2a: Blastoise|196/267
|move|p2a: Blastoise|Dark Pulse|p1a: Doublade
|-supereffective|p1a: Doublade
|-damage|p1a: Doublade|0 fnt
|faint|p1a: Doublade
|
|-fieldend|move: Trick Room
|upkeep
|
|t:|1711944842
|switch|p1a: Greninja|Greninja, L79, M|195/243
|turn|27
|l|☆Barrazzi5494
|inactive|Barrazzi5494 disconnected and has a minute to reconnect!
|player|p1|
|inactive|Barrazzi5494 has 30 seconds to reconnect!
|inactive|Barrazzi5494 has 20 seconds to reconnect!
|inactive|Barrazzi5494 has 15 seconds to reconnect!
|inactive|Barrazzi5494 has 10 seconds to reconnect!
|inactive|Barrazzi5494 has 5 seconds to reconnect!
|-message|Barrazzi5494 lost due to inactivity.
|
|win|MeRrkava
|raw|Barrazzi5494's rating: 1051 &rarr; <strong>1037</strong><br />(-14 for losing)
|raw|MeRrkava's rating: 1130 &rarr; <strong>1149</strong><br />(+19 for winning)
