{"id":"gen7randombattle-2093300399","format":"[Gen 7] Random Battle","players":["eu sou edilson","haramo"],"log":"|j|\u2606eu sou edilson\n|j|\u2606haramo\n|t:|1711936434\n|gametype|singles\n|player|p1|eu sou edilson|1|\n|player|p2|haramo|blackbelt-gen4dp|\n|teamsize|p1|6\n|teamsize|p2|6\n|gen|7\n|tier|[Gen 7] Random Battle\n|rated|Tournament battle\n|rule|Sleep Clause Mod: Limit one foe put to sleep\n|rule|HP Percentage Mod: HP is shown in percentages\n|rule|Illusion Level Mod: Illusion disguises the Pok\u00e9mon's true level\n|\n|t:|1711936434\n|start\n|switch|p1a: Meloetta|Meloetta, L82|298\/298\n|switch|p2a: Jumpluff|Jumpluff, L89, M|278\/278\n|turn|1\n|j| BB-8-NU\n|c|\u2606eu sou edilson|Gl\n|c|\u2606haramo|ty\n|\n|t:|1711936459\n|switch|p1a: Blissey|Blissey, L84, F|566\/566\n|move|p2a: Jumpluff|Substitute|p2a: Jumpluff\n|-start|p2a: Jumpluff|Substitute\n|-damage|p2a: Jumpluff|209\/278\n|\n|upkeep\n|turn|2\n|\n|t:|1711936468\n|move|p2a: Jumpluff|Acrobatics|p1a: Blissey\n|-damage|p1a: Blissey|293\/566\n|move|p1a: Blissey|Seismic Toss|p2a: Jumpluff\n|-end|p2a: Jumpluff|Substitute\n|\n|-heal|p1a: Blissey|328\/566|[from] item: Leftovers\n|upkeep\n|turn|3\n|\n|t:|1711936479\n|move|p2a: Jumpluff|Acrobatics|p1a: Blissey\n|-damage|p1a: Blissey|46\/566\n|move|p1a: Blissey|Soft-Boiled|p1a: Blissey\n|-heal|p1a: Blissey|329\/566\n|\n|-heal|p1a: Blissey|364\/566|[from] item: Leftovers\n|upkeep\n|turn|4\n|\n|t:|1711936487\n|switch|p1a: Jolteon|Jolteon, L83, F|244\/244\n|move|p2a: Jumpluff|Leech Seed|p1a: Jolteon\n|-start|p1a: Jolteon|move: Leech Seed\n|\n|-damage|p1a: Jolteon|214\/244|[from] Leech Seed|[of] p2a: Jumpluff\n|-heal|p2a: Jumpluff|239\/278|[silent]\n|upkeep\n|turn|5\n|\n|t:|1711936502\n|switch|p2a: Klinklang|Klinklang, L87|246\/246\n|move|p1a: Jolteon|Hidden Power|p2a: Klinklang\n|-resisted|p2a: Klinklang\n|-damage|p2a: Klinklang|210\/246\n|\n|-damage|p1a: Jolteon|184\/244|[from] Leech Seed|[of] p2a: Klinklang\n|-heal|p2a: Klinklang|240\/246|[silent]\n|upkeep\n|turn|6\n|\n|t:|1711936536\n|switch|p1a: Forretress|Forretress, L84, F|263\/263\n|move|p2a: Klinklang|Shift Gear|p2a: Klinklang\n|-boost|p2a: Klinklang|spe|2\n|-boost|p2a: Klinklang|atk|1\n|\n|upkeep\n|turn|7\n|inactive|Battle timer is ON: inactive players will automatically lose when time's up. (requested by eu sou edilson)\n|\n|t:|1711936551\n|move|p2a: Klinklang|Gear Grind|p1a: Forretress\n|-resisted|p1a: Forretress\n|-damage|p1a: Forretress|231\/263\n|-resisted|p1a: Forretress\n|-damage|p1a: Forretress|203\/263\n|-hitcount|p1a: Forretress|2\n|move|p1a: Forretress|Stealth Rock|p2a: Klinklang\n|-sidestart|p2: haramo|move: Stealth Rock\n|\n|-heal|p1a: Forretress|219\/263|[from] item: Leftovers\n|upkeep\n|turn|8\n|\n|t:|1711936561\n|move|p2a: Klinklang|Shift Gear|p2a: Klinklang\n|-boost|p2a: Klinklang|spe|2\n|-boost|p2a: Klinklang|atk|1\n|move|p1a: Forretress|Gyro Ball|p2a: Klinklang\n|-resisted|p2a: Klinklang\n|-damage|p2a: Klinklang|184\/246\n|\n|-heal|p1a: Forretress|235\/263|[from] item: Leftovers\n|upkeep\n|turn|9\n|\n|t:|1711936569\n|move|p2a: Klinklang|Gear Grind|p1a: Forretress\n|-resisted|p1a: Forretress\n|-damage|p1a: Forretress|196\/263\n|-resisted|p1a: Forretress\n|-damage|p1a: Forretress|157\/263\n|-hitcount|p1a: Forretress|2\n|move|p1a: Forretress|Gyro Ball|p2a: Klinklang\n|-resisted|p2a: Klinklang\n|-damage|p2a: Klinklang|128\/246\n|\n|-heal|p1a: Forretress|173\/263|[from] item: Leftovers\n|upkeep\n|turn|10\n|\n|t:|1711936575\n|move|p2a: Klinklang|Gear Grind|p1a: Forretress\n|-resisted|p1a: Forretress\n|-damage|p1a: Forretress|136\/263\n|-resisted|p1a: Forretress\n|-damage|p1a: Forretress|97\/263\n|-hitcount|p1a: Forretress|2\n|move|p1a: Forretress|Gyro Ball|p2a: Klinklang\n|-resisted|p2a: Klinklang\n|-damage|p2a: Klinklang|70\/246\n|\n|-heal|p1a: Forretress|113\/263|[from] item: Leftovers\n|upkeep\n|turn|11\n|\n|t:|1711936590\n|-zpower|p2a: Klinklang\n|move|p2a: Klinklang|Gigavolt Havoc|p1a: Forretress|[zeffect]\n|-damage|p1a: Forretress|0 fnt\n|faint|p1a: Forretress\n|\n|upkeep\n|\n|t:|1711936604\n|switch|p1a: Palkia|Palkia, L75|259\/259\n|-ability|p1a: Palkia|Pressure\n|turn|12\n|\n|t:|1711936617\n|move|p2a: Klinklang|Return|p1a: Palkia\n|-damage|p1a: Palkia|104\/259\n|move|p1a: Palkia|Fire Blast|p2a: Klinklang\n|-supereffective|p2a: Klinklang\n|-damage|p2a: Klinklang|0 fnt\n|faint|p2a: Klinklang\n|\n|upkeep\n|\n|t:|1711936630\n|switch|p2a: Stantler|Stantler, L90, F|277\/277\n|-damage|p2a: Stantler|243\/277|[from] Stealth Rock\n|-ability|p2a: Stantler|Intimidate|boost\n|-unboost|p1a: Palkia|atk|1\n|turn|13\n|j| Gloupseur\n|l| Gloupseur\n|\n|t:|1711936641\n|move|p2a: Stantler|Double-Edge|p1a: Palkia\n|-damage|p1a: Palkia|0 fnt\n|faint|p1a: Palkia\n|-damage|p2a: Stantler|209\/277|[from] Recoil\n|\n|upkeep\n|\n|t:|1711936646\n|switch|p1a: Jolteon|Jolteon, L83, F|184\/244\n|turn|14\n|\n|t:|1711936652\n|move|p1a: Jolteon|Volt Switch|p2a: Stantler\n|-damage|p2a: Stantler|79\/277\n|\n|t:|1711936660\n|switch|p1a: Blissey|Blissey, L84, F|364\/566|[from] Volt Switch\n|move|p2a: Stantler|Double-Edge|p1a: Blissey\n|-damage|p1a: Blissey|0 fnt\n|faint|p1a: Blissey\n|-damage|p2a: Stantler|0 fnt|[from] Recoil\n|faint|p2a: Stantler\n|\n|upkeep\n|\n|t:|1711936673\n|switch|p2a: Spinda|Spinda, F|282\/282\n|switch|p1a: Jolteon|Jolteon, L83, F|184\/244\n|-damage|p2a: Spinda|247\/282|[from] Stealth Rock\n|turn|15\n|\n|t:|1711936681\n|move|p1a: Jolteon|Volt Switch|p2a: Spinda\n|-damage|p2a: Spinda|115\/282\n|\n|t:|1711936684\n|switch|p1a: Meloetta|Meloetta, L82|298\/298|[from] Volt Switch\n|move|p2a: Spinda|Superpower|p1a: Meloetta\n|-damage|p1a: Meloetta|197\/298\n|-boost|p2a: Spinda|atk|1\n|-boost|p2a: Spinda|def|1\n|\n|-heal|p2a: Spinda|132\/282|[from] item: Leftovers\n|upkeep\n|turn|16\n|\n|t:|1711936692\n|move|p2a: Spinda|Sucker Punch|p1a: Meloetta\n|-supereffective|p1a: Meloetta\n|-damage|p1a: Meloetta|23\/298\n|move|p1a: Meloetta|Hyper Voice|p2a: Spinda\n|-damage|p2a: Spinda|0 fnt\n|faint|p2a: Spinda\n|\n|upkeep\n|\n|t:|1711936710\n|switch|p2a: Keldeo|Keldeo, L80|277\/277\n|-damage|p2a: Keldeo|260\/277|[from] Stealth Rock\n|turn|17\n|\n|t:|1711936719\n|move|p2a: Keldeo|Secret Sword|p1a: Meloetta\n|-damage|p1a: Meloetta|0 fnt\n|faint|p1a: Meloetta\n|-damage|p2a: Keldeo|233\/277|[from] item: Life Orb\n|\n|upkeep\n|\n|t:|1711936721\n|switch|p1a: Jolteon|Jolteon, L83, F|184\/244\n|turn|18\n|\n|t:|1711936738\n|switch|p2a: Jumpluff|Jumpluff, L89, M|239\/278\n|-damage|p2a: Jumpluff|170\/278|[from] Stealth Rock\n|move|p1a: Jolteon|Thunderbolt|p2a: Jumpluff\n|-damage|p2a: Jumpluff|41\/278\n|\n|upkeep\n|turn|19\n|\n|t:|1711936747\n|move|p1a: Jolteon|Thunderbolt|p2a: Jumpluff\n|-damage|p2a: Jumpluff|0 fnt\n|faint|p2a: Jumpluff\n|\n|upkeep\n|\n|t:|1711936750\n|switch|p2a: Hoopa|Hoopa, L86|278\/278\n|-damage|p2a: Hoopa|244\/278|[from] Stealth Rock\n|turn|20\n|\n|t:|1711936766\n|switch|p1a: Drapion|Drapion, L84, M|255\/255\n|move|p2a: Hoopa|Psyshock|p1a: Drapion\n|-immune|p1a: Drapion\n|\n|upkeep\n|turn|21\n|\n|t:|1711936781\n|move|p2a: Hoopa|Psyshock|p1a: Drapion\n|-immune|p1a: Drapion\n|move|p1a: Drapion|Knock Off|p2a: Hoopa\n|-supereffective|p2a: Hoopa\n|-damage|p2a: Hoopa|0 fnt\n|-enditem|p2a: Hoopa|Choice Scarf|[from] move: Knock Off|[of] p1a: Drapion\n|faint|p2a: Hoopa\n|-damage|p1a: Drapion|230\/255|[from] item: Life Orb\n|\n|upkeep\n|c|\u2606haramo|rip\n|c|\u2606haramo|gg\n|\n|t:|1711936790\n|switch|p2a: Keldeo|Keldeo, L80|233\/277\n|-damage|p2a: Keldeo|216\/277|[from] Stealth Rock\n|turn|22\n|\n|t:|1711936794\n|move|p2a: Keldeo|Calm Mind|p2a: Keldeo\n|-boost|p2a: Keldeo|spa|1\n|-boost|p2a: Keldeo|spd|1\n|move|p1a: Drapion|Knock Off|p2a: Keldeo\n|-resisted|p2a: Keldeo\n|-damage|p2a: Keldeo|154\/277\n|-ability|p2a: Keldeo|Justified|boost\n|-boost|p2a: Keldeo|atk|1\n|-enditem|p2a: Keldeo|Life Orb|[from] move: Knock Off|[of] p1a: Drapion\n|-damage|p1a: Drapion|205\/255|[from] item: Life Orb\n|\n|upkeep\n|turn|23\n|\n|t:|1711936801\n|move|p2a: Keldeo|Hydro Pump|p1a: Drapion\n|-damage|p1a: Drapion|0 fnt\n|faint|p1a: Drapion\n|\n|upkeep\n|\n|t:|1711936804\n|switch|p1a: Jolteon|Jolteon, L83, F|184\/244\n|turn|24\n|\n|t:|1711936810\n|move|p1a: Jolteon|Thunderbolt|p2a: Keldeo\n|-supereffective|p2a: Keldeo\n|-damage|p2a: Keldeo|0 fnt\n|faint|p2a: Keldeo\n|\n|win|eu sou edilson\n|n|\u2606eu sou edilson|eusouedilson\n|n|\u2606haramo|haramo\n|n| BB-8-NU|bb8nu\n","inputlog":">version 6cdde67ed88b47ab6b8ae5717517ae7b5d1ef27b\n>start {\"formatid\":\"gen7randombattle\",\"seed\":[29828,57255,55733,47457],\"rated\":\"Tournament battle\"}\n>player p1 {\"name\":\"eu sou edilson\",\"avatar\":\"1\",\"rating\":0,\"seed\":[3132,29047,29438,28673]}\n>player p2 {\"name\":\"haramo\",\"avatar\":\"blackbelt-gen4dp\",\"rating\":0,\"seed\":[15760,59165,42275,56327]}\n>chat \u2606eu sou edilson|Gl\n>chat \u2606haramo|ty\n>p1 switch 5\n>p2 move substitute\n>p1 move seismictoss\n>p2 move acrobatics\n>p1 move softboiled\n>p2 move acrobatics\n>p1 switch 2\n>p2 move leechseed\n>p1 move hiddenpower\n>p2 switch 5\n>p1 switch 6\n>p2 move shiftgear\n>p1 move stealthrock\n>p2 move geargrind\n>p1 move gyroball\n>p2 move shiftgear\n>p1 move gyroball\n>p2 move geargrind\n>p1 move gyroball\n>p2 move geargrind\n>p1 move gyroball\n>p2 move wildcharge zmove\n>p1 switch 3\n>p1 move fireblast\n>p2 move return\n>p2 switch 4\n>p1 move spacialrend\n>p2 move doubleedge\n>p1 switch 6\n>p1 move voltswitch\n>p2 move doubleedge\n>p1 switch 2\n>p1 switch 2\n>p2 switch 3\n>p1 move voltswitch\n>p2 move superpower\n>p1 switch 5\n>p1 move hypervoice\n>p2 move suckerpunch\n>p2 switch 2\n>p1 move hypervoice\n>p2 move secretsword\n>p1 switch 5\n>p1 move thunderbolt\n>p2 switch 5\n>p1 move thunderbolt\n>p2 move leechseed\n>p2 switch 6\n>p1 switch 4\n>p2 move psyshock\n>p1 move knockoff\n>p2 move psyshock\n>chat \u2606haramo|rip\n>chat \u2606haramo|gg\n>p2 switch 5\n>p1 move knockoff\n>p2 move calmmind\n>p1 move poisonjab\n>p2 move hydropump\n>p1 switch 4\n>p1 move thunderbolt\n>p2 move secretsword","uploadtime":1711936810,"views":0,"formatid":"gen7randombattle","rating":null,"private":0,"password":null}