|j|☆Sazona
|j|☆METALIC MIGHT
|t:|1711946403
|gametype|singles
|player|p1|Sazona|roxanne|1079
|player|p2|METALIC MIGHT|drayden|1097
|teamsize|p1|6
|teamsize|p2|6
|gen|7
|tier|[Gen 7] OU
|rated|
|rule|Sleep Clause Mod: Limit one foe put to sleep
|rule|Species Clause: Limit one of each Pokémon
|rule|OHKO Clause: OHKO moves are banned
|rule|Moody Clause: Moody is banned
|rule|Evasion Items Clause: Evasion items are banned
|rule|Evasion Moves Clause: Evasion moves are banned
|rule|Endless Battle Clause: Forcing endless battles is banned
|rule|HP Percentage Mod: HP is shown in percentages
|clearpoke
|poke|p1|Gliscor, M|item
|poke|p1|Scizor, M|item
|poke|p1|Mimikyu, F|item
|poke|p1|Haxorus, M|item
|poke|p1|Volcarona, F|item
|poke|p1|Bisharp, M|item
|poke|p2|Aggron, M|item
|poke|p2|Primeape, M|item
|poke|p2|Goodra, M|item
|poke|p2|Dusknoir, M|item
|poke|p2|Alakazam, M|item
|poke|p2|Empoleon, M|item
|teampreview
|
|t:|1711946419
|start
|switch|p1a: Gliscor|Gliscor, M|100/100
|switch|p2a: BRUTAL LEGEND|Aggron, M|100/100
|turn|1
|
|t:|1711946427
|detailschange|p2a: BRUTAL LEGEND|Aggron-Mega, M
|-mega|p2a: BRUTAL LEGEND|Aggron|Aggronite
|move|p1a: Gliscor|Stealth Rock|p2a: BRUTAL LEGEND
|-sidestart|p2: METALIC MIGHT|move: Stealth Rock
|move|p2a: BRUTAL LEGEND|Avalanche|p1a: Gliscor
|-supereffective|p1a: Gliscor
|-damage|p1a: Gliscor|38/100
|
|-status|p1a: Gliscor|tox|[from] item: Toxic Orb
|upkeep
|turn|2
|
|t:|1711946439
|move|p1a: Gliscor|Earthquake|p2a: BRUTAL LEGEND
|-supereffective|p2a: BRUTAL LEGEND
|-damage|p2a: BRUTAL LEGEND|77/100
|move|p2a: BRUTAL LEGEND|Avalanche|p1a: Gliscor
|-supereffective|p1a: Gliscor
|-damage|p1a: Gliscor|0 fnt
|faint|p1a: Gliscor
|
|upkeep
|
|t:|1711946460
|switch|p1a: Volcarona|Volcarona, F|100/100
|turn|3
|
|t:|1711946467
|move|p1a: Volcarona|Flamethrower|p2a: BRUTAL LEGEND
|-supereffective|p2a: BRUTAL LEGEND
|-damage|p2a: BRUTAL LEGEND|0 fnt
|faint|p2a: BRUTAL LEGEND
|
|upkeep
|
|t:|1711946476
|switch|p2a: Elden Ring|Empoleon, M, shiny|100/100
|-damage|p2a: Elden Ring|94/100|[from] Stealth Rock
|turn|4
|
|t:|1711946495
|switch|p1a: Haxorus|Haxorus, M|100/100
|move|p2a: Elden Ring|Swords Dance|p2a: Elden Ring
|-boost|p2a: Elden Ring|atk|2
|
|upkeep
|turn|5
|
|t:|1711946503
|move|p1a: Haxorus|Dragon Dance|p1a: Haxorus
|-boost|p1a: Haxorus|atk|1
|-boost|p1a: Haxorus|spe|1
|move|p2a: Elden Ring|Steel Wing|p1a: Haxorus
|-damage|p1a: Haxorus|21/100
|
|upkeep
|turn|6
|
|t:|1711946512
|move|p2a: Elden Ring|Aqua Jet|p1a: Haxorus
|-resisted|p1a: Haxorus
|-damage|p1a: Haxorus|0 fnt
|faint|p1a: Haxorus
|
|upkeep
|
|t:|1711946521
|switch|p1a: Bisharp|Bisharp, M|100/100
|turn|7
|
|t:|1711946525
|move|p1a: Bisharp|Swords Dance|p1a: Bisharp
|-boost|p1a: Bisharp|atk|2
|move|p2a: Elden Ring|Liquidation|p1a: Bisharp
|-damage|p1a: Bisharp|5/100
|
|upkeep
|turn|8
|
|t:|1711946533
|move|p1a: Bisharp|Sucker Punch|p2a: Elden Ring
|-damage|p2a: Elden Ring|17/100
|-enditem|p2a: Elden Ring|Aguav Berry|[eat]
|-heal|p2a: Elden Ring|67/100|[from] item: Aguav Berry
|move|p2a: Elden Ring|Aqua Jet|p1a: Bisharp
|-damage|p1a: Bisharp|0 fnt
|faint|p1a: Bisharp
|
|upkeep
|
|t:|1711946549
|switch|p1a: Mimikyu|Mimikyu, F, shiny|100/100
|turn|9
|
|t:|1711946553
|move|p2a: Elden Ring|Aqua Jet|p1a: Mimikyu
|-activate|p1a: Mimikyu|ability: Disguise
|-damage|p1a: Mimikyu|100/100
|detailschange|p1a: Mimikyu|Mimikyu-Busted, F, shiny
|move|p1a: Mimikyu|Swords Dance|p1a: Mimikyu
|-boost|p1a: Mimikyu|atk|2
|
|upkeep
|turn|10
|
|t:|1711946562
|move|p1a: Mimikyu|Wood Hammer|p2a: Elden Ring
|-damage|p2a: Elden Ring|0 fnt
|faint|p2a: Elden Ring
|-damage|p1a: Mimikyu|68/100|[from] Recoil
|-damage|p1a: Mimikyu|58/100|[from] item: Life Orb
|
|upkeep
|
|t:|1711946571
|switch|p2a: Spyro|Goodra, M|100/100
|-damage|p2a: Spyro|88/100|[from] Stealth Rock
|turn|11
|
|t:|1711946582
|move|p1a: Mimikyu|Play Rough|p2a: Spyro
|-supereffective|p2a: Spyro
|-damage|p2a: Spyro|0 fnt
|-ability|p2a: Spyro|Gooey
|-unboost|p1a: Mimikyu|spe|1
|faint|p2a: Spyro
|-damage|p1a: Mimikyu|48/100|[from] item: Life Orb
|
|upkeep
|
|t:|1711946597
|switch|p2a: Dead by Daylight|Dusknoir, M, shiny|100/100
|-damage|p2a: Dead by Daylight|88/100|[from] Stealth Rock
|-ability|p2a: Dead by Daylight|Pressure
|turn|12
|
|t:|1711946603
|move|p1a: Mimikyu|Shadow Sneak|p2a: Dead by Daylight
|-supereffective|p2a: Dead by Daylight
|-damage|p2a: Dead by Daylight|8/100
|-damage|p1a: Mimikyu|38/100|[from] item: Life Orb
|move|p2a: Dead by Daylight|Shadow Sneak|p1a: Mimikyu
|-supereffective|p1a: Mimikyu
|-damage|p1a: Mimikyu|0 fnt
|faint|p1a: Mimikyu
|
|-heal|p2a: Dead by Daylight|14/100|[from] item: Leftovers
|upkeep
|
|t:|1711946623
|switch|p1a: Scizor|Scizor, M|100/100
|turn|13
|
|t:|1711946631
|detailschange|p1a: Scizor|Scizor-Mega, M
|-mega|p1a: Scizor|Scizor|Scizorite
|move|p1a: Scizor|Bullet Punch|p2a: Dead by Daylight
|-damage|p2a: Dead by Daylight|0 fnt
|faint|p2a: Dead by Daylight
|
|upkeep
|
|t:|1711946639
|switch|p2a: Darkest Dungeon|Alakazam, M|100/100
|-damage|p2a: Darkest Dungeon|88/100|[from] Stealth Rock
|turn|14
|
|t:|1711946645
|move|p2a: Darkest Dungeon|Hidden Power|p1a: Scizor
|-supereffective|p1a: Scizor
|-damage|p1a: Scizor|0 fnt
|faint|p1a: Scizor
|-damage|p2a: Darkest Dungeon|78/100|[from] item: Life Orb
|
|upkeep
|
|t:|1711946653
|switch|p1a: Volcarona|Volcarona, F|100/100
|turn|15
|
|t:|1711946657
|move|p2a: Darkest Dungeon|Focus Blast|p1a: Volcarona|[miss]
|-miss|p2a: Darkest Dungeon|p1a: Volcarona
|move|p1a: Volcarona|Quiver Dance|p1a: Volcarona
|-boost|p1a: Volcarona|spa|1
|-boost|p1a: Volcarona|spd|1
|-boost|p1a: Volcarona|spe|1
|
|upkeep
|turn|16
|
|t:|1711946666
|move|p1a: Volcarona|Flamethrower|p2a: Darkest Dungeon
|-damage|p2a: Darkest Dungeon|0 fnt
|faint|p2a: Darkest Dungeon
|
|upkeep
|
|t:|1711946670
|switch|p2a: Tekken|Primeape, M, shiny|100/100
|-damage|p2a: Tekken|95/100|[from] Stealth Rock
|turn|17
|
|t:|1711946677
|move|p1a: Volcarona|Flamethrower|p2a: Tekken
|-damage|p2a: Tekken|0 fnt
|faint|p2a: Tekken
|
|win|Sazona
|raw|Sazona's rating: 1079 &rarr; <strong>1109</strong><br />(+30 for winning)
|raw|METALIC MIGHT's rating: 1097 &rarr; <strong>1071</strong><br />(-26 for losing)
|l|☆METALIC MIGHT
|player|p2|
