|j|☆obpbopbipo
|j|☆AminitraboTTT
|t:|1711943449
|gametype|singles
|player|p1|obpbopbipo|169|
|player|p2|AminitraboTTT|supernerd|
|teamsize|p1|6
|teamsize|p2|6
|gen|7
|tier|[Gen 7] OU
|rule|Sleep Clause Mod: Limit one foe put to sleep
|rule|Species Clause: Limit one of each Pokémon
|rule|OHKO Clause: OHKO moves are banned
|rule|Moody Clause: Moody is banned
|rule|Evasion Items Clause: Evasion items are banned
|rule|Evasion Moves Clause: Evasion moves are banned
|rule|Endless Battle Clause: Forcing endless battles is banned
|rule|HP Percentage Mod: HP is shown in percentages
|clearpoke
|poke|p1|Shedinja|item
|poke|p1|Chansey, F|item
|poke|p1|Zapdos|item
|poke|p1|Gliscor, M|item
|poke|p1|Sableye, M|item
|poke|p1|Pyukumuku, M|item
|poke|p2|Kartana|item
|poke|p2|Lopunny, M|item
|poke|p2|Landorus-Therian, M|item
|poke|p2|Greninja-*, M|item
|poke|p2|Magearna|item
|poke|p2|Latios, M|item
|teampreview
|c|☆AminitraboTTT|Hola, soy AminitraboTTT, el bot de la sala Español. gl hf
|inactive|Battle timer is ON: inactive players will automatically lose when time's up. (requested by AminitraboTTT)
|inactive|obpbopbipo also wants the timer to be on.
|inactive|obpbopbipo has 270 seconds left.
|
|t:|1711943483
|start
|switch|p1a: Sableye|Sableye, M|100/100
|switch|p2a: Landorus|Landorus-Therian, M|100/100
|-ability|p2a: Landorus|Intimidate|boost
|-unboost|p1a: Sableye|atk|1
|turn|1
|
|t:|1711943485
|switch|p2a: Greninja|Greninja, M|100/100
|detailschange|p1a: Sableye|Sableye-Mega, M
|-mega|p1a: Sableye|Sableye|Sablenite
|move|p1a: Sableye|Will-O-Wisp|p2a: Greninja|[miss]
|-miss|p1a: Sableye|p2a: Greninja
|
|upkeep
|turn|2
|
|t:|1711943488
|move|p1a: Sableye|Protect|p1a: Sableye
|-singleturn|p1a: Sableye|Protect
|move|p2a: Greninja|Dark Pulse|p1a: Sableye
|-activate|p1a: Sableye|move: Protect
|
|upkeep
|turn|3
|
|t:|1711943489
|switch|p1a: Chansey|Chansey, F|100/100
|move|p2a: Greninja|Dark Pulse|p1a: Chansey
|-damage|p1a: Chansey|83/100
|
|upkeep
|turn|4
|
|t:|1711943491
|switch|p2a: Kartana|Kartana|100/100
|move|p1a: Chansey|Seismic Toss|p2a: Kartana
|-damage|p2a: Kartana|62/100
|
|upkeep
|turn|5
|
|t:|1711943493
|switch|p1a: Zapdos|Zapdos|100/100
|-ability|p1a: Zapdos|Pressure
|-zpower|p2a: Kartana
|move|p2a: Kartana|All-Out Pummeling|p1a: Zapdos|[zeffect]
|-resisted|p1a: Zapdos
|-damage|p1a: Zapdos|73/100
|
|-heal|p1a: Zapdos|79/100|[from] item: Leftovers
|upkeep
|turn|6
|
|t:|1711943496
|switch|p2a: Landorus|Landorus-Therian, M|100/100
|-ability|p2a: Landorus|Intimidate|boost
|-unboost|p1a: Zapdos|atk|1
|move|p1a: Zapdos|Heat Wave|p2a: Landorus|[miss]
|-miss|p1a: Zapdos|p2a: Landorus
|
|-heal|p1a: Zapdos|85/100|[from] item: Leftovers
|upkeep
|turn|7
|
|t:|1711943498
|switch|p1a: Sableye|Sableye-Mega, M|100/100
|move|p2a: Landorus|Hidden Power|p1a: Sableye
|-damage|p1a: Sableye|91/100
|
|upkeep
|turn|8
|
|t:|1711943500
|switch|p2a: Greninja|Greninja, M|100/100
|move|p1a: Sableye|Will-O-Wisp|p2a: Greninja
|-status|p2a: Greninja|brn
|
|-damage|p2a: Greninja|95/100 brn|[from] brn
|upkeep
|turn|9
|
|t:|1711943503
|move|p1a: Sableye|Protect|p1a: Sableye
|-singleturn|p1a: Sableye|Protect
|move|p2a: Greninja|Dark Pulse|p1a: Sableye
|-activate|p1a: Sableye|move: Protect
|
|-damage|p2a: Greninja|89/100 brn|[from] brn
|upkeep
|turn|10
|
|t:|1711943505
|switch|p1a: Chansey|Chansey, F|83/100
|move|p2a: Greninja|Dark Pulse|p1a: Chansey
|-damage|p1a: Chansey|65/100
|
|-damage|p2a: Greninja|83/100 brn|[from] brn
|upkeep
|turn|11
|
|t:|1711943508
|switch|p2a: Kartana|Kartana|62/100
|move|p1a: Chansey|Soft-Boiled|p1a: Chansey
|-heal|p1a: Chansey|100/100
|
|upkeep
|turn|12
|
|t:|1711943514
|switch|p1a: Zapdos|Zapdos|85/100
|-ability|p1a: Zapdos|Pressure
|move|p2a: Kartana|Substitute|p2a: Kartana
|-start|p2a: Kartana|Substitute
|-damage|p2a: Kartana|37/100
|
|-heal|p1a: Zapdos|91/100|[from] item: Leftovers
|upkeep
|turn|13
|
|t:|1711943517
|switch|p2a: Landorus|Landorus-Therian, M|100/100
|-ability|p2a: Landorus|Intimidate|boost
|-unboost|p1a: Zapdos|atk|1
|move|p1a: Zapdos|Discharge|p2a: Landorus
|-immune|p2a: Landorus
|
|-heal|p1a: Zapdos|98/100|[from] item: Leftovers
|upkeep
|turn|14
|
|t:|1711943519
|switch|p1a: Sableye|Sableye-Mega, M|91/100
|move|p2a: Landorus|Hidden Power|p1a: Sableye
|-damage|p1a: Sableye|81/100
|
|upkeep
|turn|15
|
|t:|1711943522
|switch|p2a: Greninja|Greninja, M|83/100 brn
|move|p1a: Sableye|Recover|p1a: Sableye
|-heal|p1a: Sableye|100/100
|
|-damage|p2a: Greninja|77/100 brn|[from] brn
|upkeep
|turn|16
|
|t:|1711943524
|move|p1a: Sableye|Protect|p1a: Sableye
|-singleturn|p1a: Sableye|Protect
|move|p2a: Greninja|Hydro Pump|p1a: Sableye
|-activate|p1a: Sableye|move: Protect
|
|-damage|p2a: Greninja|71/100 brn|[from] brn
|upkeep
|turn|17
|
|t:|1711943527
|switch|p1a: Shedinja|Shedinja|100/100
|move|p2a: Greninja|Hydro Pump|p1a: Shedinja
|-immune|p1a: Shedinja|[from] ability: Wonder Guard
|
|-damage|p2a: Greninja|65/100 brn|[from] brn
|upkeep
|turn|18
|
|t:|1711943529
|switch|p2a: Lopunny|Lopunny, M|100/100
|move|p1a: Shedinja|Will-O-Wisp|p2a: Lopunny
|-status|p2a: Lopunny|brn
|
|-damage|p2a: Lopunny|95/100 brn|[from] brn
|upkeep
|turn|19
|
|t:|1711943530
|detailschange|p2a: Lopunny|Lopunny-Mega, M
|-mega|p2a: Lopunny|Lopunny|Lopunnite
|move|p2a: Lopunny|Encore|p1a: Shedinja
|-start|p1a: Shedinja|Encore
|move|p1a: Shedinja|Will-O-Wisp|p2a: Lopunny
|-fail|p2a: Lopunny|brn
|
|-damage|p2a: Lopunny|89/100 brn|[from] brn
|upkeep
|turn|20
|
|t:|1711943532
|switch|p2a: Magearna|Magearna|100/100
|move|p1a: Shedinja|Will-O-Wisp|p2a: Magearna
|-status|p2a: Magearna|brn
|
|-damage|p2a: Magearna|94/100 brn|[from] brn
|upkeep
|turn|21
|
|t:|1711943535
|switch|p1a: Chansey|Chansey, F|100/100
|move|p2a: Magearna|Hidden Power|p1a: Chansey
|-damage|p1a: Chansey|95/100
|
|-damage|p2a: Magearna|88/100 brn|[from] brn
|upkeep
|turn|22
|
|t:|1711943537
|switch|p2a: Kartana|Kartana|37/100
|move|p1a: Chansey|Seismic Toss|p2a: Kartana
|-damage|p2a: Kartana|0 fnt
|faint|p2a: Kartana
|
|upkeep
|
|t:|1711943537
|switch|p2a: Magearna|Magearna|88/100 brn
|turn|23
|
|t:|1711943540
|move|p1a: Chansey|Seismic Toss|p2a: Magearna
|-damage|p2a: Magearna|61/100 brn
|move|p2a: Magearna|Volt Switch|p1a: Chansey
|-damage|p1a: Chansey|89/100
|
|t:|1711943540
|switch|p2a: Greninja|Greninja, M|65/100 brn|[from] Volt Switch
|
|-damage|p2a: Greninja|59/100 brn|[from] brn
|upkeep
|turn|24
|
|t:|1711943542
|switch|p2a: Magearna|Magearna|61/100 brn
|move|p1a: Chansey|Light Screen|p1a: Chansey
|-sidestart|p1: obpbopbipo|move: Light Screen
|
|-damage|p2a: Magearna|55/100 brn|[from] brn
|upkeep
|turn|25
|
|t:|1711943544
|move|p1a: Chansey|Seismic Toss|p2a: Magearna
|-damage|p2a: Magearna|27/100 brn
|move|p2a: Magearna|Hidden Power|p1a: Chansey
|-damage|p1a: Chansey|86/100
|
|-damage|p2a: Magearna|21/100 brn|[from] brn
|upkeep
|turn|26
|
|t:|1711943545
|move|p1a: Chansey|Seismic Toss|p2a: Magearna
|-damage|p2a: Magearna|0 fnt
|faint|p2a: Magearna
|
|upkeep
|
|t:|1711943545
|switch|p2a: Lopunny|Lopunny-Mega, M|89/100 brn
|turn|27
|
|t:|1711943548
|switch|p1a: Shedinja|Shedinja|100/100
|move|p2a: Lopunny|Encore||[still]
|-fail|p2a: Lopunny
|
|-damage|p2a: Lopunny|83/100 brn|[from] brn
|upkeep
|turn|28
|
|t:|1711943551
|switch|p2a: Latios|Latios, M|100/100
|move|p1a: Shedinja|Will-O-Wisp|p2a: Latios
|-status|p2a: Latios|brn
|
|-damage|p2a: Latios|95/100 brn|[from] brn
|-sideend|p1: obpbopbipo|move: Light Screen
|upkeep
|turn|29
|
|t:|1711943553
|switch|p2a: Lopunny|Lopunny-Mega, M|83/100 brn
|move|p1a: Shedinja|Protect||[still]
|-fail|p1a: Shedinja
|
|-damage|p2a: Lopunny|77/100 brn|[from] brn
|upkeep
|turn|30
|
|t:|1711943555
|move|p1a: Shedinja|Protect|p1a: Shedinja
|-singleturn|p1a: Shedinja|Protect
|move|p2a: Lopunny|Encore|p1a: Shedinja
|-activate|p1a: Shedinja|move: Protect
|
|-damage|p2a: Lopunny|71/100 brn|[from] brn
|upkeep
|turn|31
|
|t:|1711943559
|switch|p1a: Gliscor|Gliscor, M|100/100
|move|p2a: Lopunny|Encore||[still]
|-fail|p2a: Lopunny
|
|-damage|p2a: Lopunny|65/100 brn|[from] brn
|-status|p1a: Gliscor|tox|[from] item: Toxic Orb
|upkeep
|turn|32
|
|t:|1711943561
|switch|p2a: Landorus|Landorus-Therian, M|100/100
|-ability|p2a: Landorus|Intimidate|boost
|-unboost|p1a: Gliscor|atk|1
|switch|p1a: Shedinja|Shedinja|100/100
|
|upkeep
|turn|33
|
|t:|1711943563
|switch|p1a: Sableye|Sableye-Mega, M|100/100
|move|p2a: Landorus|Stealth Rock|p1a: Sableye
|move|p1a: Sableye|Stealth Rock|p2a: Landorus|[from]ability: Magic Bounce
|-sidestart|p2: AminitraboTTT|move: Stealth Rock
|
|upkeep
|turn|34
|
|t:|1711943565
|switch|p2a: Lopunny|Lopunny-Mega, M|65/100 brn
|-damage|p2a: Lopunny|59/100 brn|[from] Stealth Rock
|move|p1a: Sableye|Will-O-Wisp|p2a: Lopunny
|-fail|p2a: Lopunny|brn
|
|-damage|p2a: Lopunny|53/100 brn|[from] brn
|upkeep
|turn|35
|
|t:|1711943568
|move|p1a: Sableye|Protect|p1a: Sableye
|-singleturn|p1a: Sableye|Protect
|move|p2a: Lopunny|High Jump Kick|p1a: Sableye
|-activate|p1a: Sableye|move: Protect
|-damage|p2a: Lopunny|3/100 brn|[from] highjumpkick
|
|-damage|p2a: Lopunny|0 fnt|[from] brn
|faint|p2a: Lopunny
|upkeep
|
|t:|1711943568
|switch|p2a: Greninja|Greninja, M|59/100 brn
|-damage|p2a: Greninja|46/100 brn|[from] Stealth Rock
|turn|36
|
|t:|1711943571
|move|p2a: Greninja|Hydro Pump|p1a: Sableye
|-damage|p1a: Sableye|50/100
|move|p1a: Sableye|Recover|p1a: Sableye
|-heal|p1a: Sableye|99/100
|
|-damage|p2a: Greninja|40/100 brn|[from] brn
|upkeep
|turn|37
|
|t:|1711943573
|move|p1a: Sableye|Protect|p1a: Sableye
|-singleturn|p1a: Sableye|Protect
|move|p2a: Greninja|Hydro Pump|p1a: Sableye
|-activate|p1a: Sableye|move: Protect
|
|-damage|p2a: Greninja|35/100 brn|[from] brn
|upkeep
|turn|38
|
|t:|1711943575
|move|p2a: Greninja|Hydro Pump|p1a: Sableye
|-damage|p1a: Sableye|45/100
|move|p1a: Sableye|Recover|p1a: Sableye
|-heal|p1a: Sableye|95/100
|
|-damage|p2a: Greninja|29/100 brn|[from] brn
|upkeep
|turn|39
|
|t:|1711943579
|move|p1a: Sableye|Protect|p1a: Sableye
|-singleturn|p1a: Sableye|Protect
|move|p2a: Greninja|Hydro Pump|p1a: Sableye
|-activate|p1a: Sableye|move: Protect
|
|-damage|p2a: Greninja|23/100 brn|[from] brn
|upkeep
|turn|40
|
|t:|1711943581
|move|p2a: Greninja|Hydro Pump|p1a: Sableye|[miss]
|-miss|p2a: Greninja|p1a: Sableye
|move|p1a: Sableye|Recover|p1a: Sableye
|-heal|p1a: Sableye|100/100
|
|-damage|p2a: Greninja|17/100 brn|[from] brn
|upkeep
|turn|41
|
|t:|1711943582
|move|p1a: Sableye|Protect|p1a: Sableye
|-singleturn|p1a: Sableye|Protect
|move|p2a: Greninja|Hydro Pump|p1a: Sableye
|-activate|p1a: Sableye|move: Protect
|
|-damage|p2a: Greninja|11/100 brn|[from] brn
|upkeep
|turn|42
|
|t:|1711943584
|-activate|p2a: Greninja|move: Struggle
|move|p2a: Greninja|Struggle|p1a: Sableye
|-damage|p1a: Sableye|96/100
|-damage|p2a: Greninja|0 fnt|[from] recoil
|faint|p2a: Greninja
|move|p1a: Sableye|Recover|p1a: Sableye
|-heal|p1a: Sableye|100/100
|
|upkeep
|
|t:|1711943584
|switch|p2a: Landorus|Landorus-Therian, M|100/100
|-damage|p2a: Landorus|88/100|[from] Stealth Rock
|-ability|p2a: Landorus|Intimidate|boost
|-unboost|p1a: Sableye|atk|1
|turn|43
|
|t:|1711943586
|move|p2a: Landorus|Hidden Power|p1a: Sableye
|-damage|p1a: Sableye|91/100
|move|p1a: Sableye|Will-O-Wisp|p2a: Landorus
|-status|p2a: Landorus|brn
|
|-damage|p2a: Landorus|82/100 brn|[from] brn
|upkeep
|turn|44
|
|t:|1711943588
|move|p2a: Landorus|Earthquake|p1a: Sableye
|-damage|p1a: Sableye|69/100
|move|p1a: Sableye|Foul Play|p2a: Landorus
|-damage|p2a: Landorus|52/100 brn
|-damage|p1a: Sableye|53/100|[from] item: Rocky Helmet|[of] p2a: Landorus
|
|-damage|p2a: Landorus|46/100 brn|[from] brn
|upkeep
|turn|45
|
|t:|1711943590
|move|p2a: Landorus|Hidden Power|p1a: Sableye
|-damage|p1a: Sableye|43/100
|move|p1a: Sableye|Recover|p1a: Sableye
|-heal|p1a: Sableye|93/100
|
|-damage|p2a: Landorus|40/100 brn|[from] brn
|upkeep
|turn|46
|
|t:|1711943592
|move|p2a: Landorus|U-turn|p1a: Sableye
|-damage|p1a: Sableye|82/100
|
|t:|1711943592
|switch|p2a: Latios|Latios, M|95/100 brn|[from] U-turn
|-damage|p2a: Latios|82/100 brn|[from] Stealth Rock
|move|p1a: Sableye|Foul Play|p2a: Latios
|-supereffective|p2a: Latios
|-damage|p2a: Latios|22/100 brn
|
|-damage|p2a: Latios|16/100 brn|[from] brn
|upkeep
|turn|47
|
|t:|1711943594
|move|p1a: Sableye|Protect|p1a: Sableye
|-singleturn|p1a: Sableye|Protect
|move|p2a: Latios|Draco Meteor|p1a: Sableye
|-activate|p1a: Sableye|move: Protect
|
|-damage|p2a: Latios|10/100 brn|[from] brn
|upkeep
|turn|48
|
|t:|1711943597
|switch|p1a: Shedinja|Shedinja|100/100
|move|p2a: Latios|Draco Meteor|p1a: Shedinja
|-immune|p1a: Shedinja|[from] ability: Wonder Guard
|
|-damage|p2a: Latios|4/100 brn|[from] brn
|upkeep
|turn|49
|
|t:|1711943599
|move|p2a: Latios|Draco Meteor|p1a: Shedinja
|-immune|p1a: Shedinja|[from] ability: Wonder Guard
|move|p1a: Shedinja|Secret Power|p2a: Latios
|-damage|p2a: Latios|0 fnt
|faint|p2a: Latios
|
|upkeep
|
|t:|1711943599
|switch|p2a: Landorus|Landorus-Therian, M|40/100 brn
|-damage|p2a: Landorus|28/100 brn|[from] Stealth Rock
|-ability|p2a: Landorus|Intimidate|boost
|-unboost|p1a: Shedinja|atk|1
|turn|50
|
|t:|1711943604
|move|p2a: Landorus|Stealth Rock|p1a: Shedinja
|-sidestart|p1: obpbopbipo|move: Stealth Rock
|move|p1a: Shedinja|Secret Power|p2a: Landorus
|-damage|p2a: Landorus|18/100 brn
|
|-damage|p2a: Landorus|12/100 brn|[from] brn
|upkeep
|turn|51
|
|t:|1711943607
|move|p2a: Landorus|Earthquake|p1a: Shedinja
|-immune|p1a: Shedinja|[from] ability: Wonder Guard
|move|p1a: Shedinja|Secret Power|p2a: Landorus
|-damage|p2a: Landorus|2/100 brn
|
|-damage|p2a: Landorus|0 fnt|[from] brn
|faint|p2a: Landorus
|
|win|obpbopbipo
|upkeep
|c|☆AminitraboTTT|oof :(
|l|☆AminitraboTTT
|player|p2|
|c|☆obpbopbipo|/log obpbopbipo made this room public.
