{"id":"gen7ou-2093354298","format":"[Gen 7] OU","players":["hhhaaapy","Lonely carp"],"log":"|j|\u2606hhhaaapy\n|j|\u2606Lonely carp\n|t:|1711943481\n|gametype|singles\n|player|p1|hhhaaapy|unknown|1189\n|player|p2|Lonely carp|lady|1223\n|teamsize|p1|6\n|teamsize|p2|6\n|gen|7\n|tier|[Gen 7] OU\n|rated|\n|rule|Sleep Clause Mod: Limit one foe put to sleep\n|rule|Species Clause: Limit one of each Pok\u00e9mon\n|rule|OHKO Clause: OHKO moves are banned\n|rule|Moody Clause: Moody is banned\n|rule|Evasion Items Clause: Evasion items are banned\n|rule|Evasion Moves Clause: Evasion moves are banned\n|rule|Endless Battle Clause: Forcing endless battles is banned\n|rule|HP Percentage Mod: HP is shown in percentages\n|clearpoke\n|poke|p1|Charizard, M|item\n|poke|p1|Darmanitan, F|item\n|poke|p1|Rotom-Wash|item\n|poke|p1|Gliscor, F|item\n|poke|p1|Tapu Fini|item\n|poke|p1|Ferrothorn, F|item\n|poke|p2|Serperior, F|item\n|poke|p2|Swanna, M|item\n|poke|p2|Lycanroc-Dusk, F|item\n|poke|p2|Scizor, M|item\n|poke|p2|Rapidash, M|item\n|poke|p2|Sandslash, F|item\n|teampreview\n|\n|t:|1711943489\n|start\n|switch|p1a: Charizard|Charizard, M, shiny|100\/100\n|switch|p2a: \u56fa\u62c9\u591a|Sandslash, F|100\/100\n|turn|1\n|\n|t:|1711943496\n|detailschange|p1a: Charizard|Charizard-Mega-Y, M, shiny\n|-mega|p1a: Charizard|Charizard|Charizardite Y\n|-weather|SunnyDay|[from] ability: Drought|[of] p1a: Charizard\n|move|p1a: Charizard|Solar Beam||[still]\n|-prepare|p1a: Charizard|Solar Beam\n|-anim|p1a: Charizard|Solar Beam|p2a: \u56fa\u62c9\u591a\n|-supereffective|p2a: \u56fa\u62c9\u591a\n|-damage|p2a: \u56fa\u62c9\u591a|0 fnt\n|faint|p2a: \u56fa\u62c9\u591a\n|\n|-weather|SunnyDay|[upkeep]\n|upkeep\n|\n|t:|1711943508\n|switch|p2a: \u767e\u6218\u52c7\u8005|Lycanroc-Dusk, F|100\/100\n|turn|2\n|\n|t:|1711943514\n|switch|p1a: Gliscor|Gliscor, F, shiny|100\/100\n|move|p2a: \u767e\u6218\u52c7\u8005|Stone Edge|p1a: Gliscor\n|-damage|p1a: Gliscor|57\/100\n|\n|-weather|SunnyDay|[upkeep]\n|-status|p1a: Gliscor|tox|[from] item: Toxic Orb\n|upkeep\n|turn|3\n|\n|t:|1711943525\n|switch|p2a: \u6d1b\u5947\u4e9a|Swanna, M|100\/100\n|move|p1a: Gliscor|Toxic|p2a: \u6d1b\u5947\u4e9a\n|-status|p2a: \u6d1b\u5947\u4e9a|tox\n|\n|-weather|SunnyDay|[upkeep]\n|-damage|p2a: \u6d1b\u5947\u4e9a|94\/100 tox|[from] psn\n|-heal|p1a: Gliscor|70\/100 tox|[from] ability: Poison Heal\n|upkeep\n|turn|4\n|\n|t:|1711943536\n|switch|p1a: Tapu Fini|Tapu Fini, shiny|100\/100\n|-fieldstart|move: Misty Terrain|[from] ability: Misty Surge|[of] p1a: Tapu Fini\n|move|p2a: \u6d1b\u5947\u4e9a|Ice Beam|p1a: Tapu Fini\n|-resisted|p1a: Tapu Fini\n|-damage|p1a: Tapu Fini|94\/100\n|\n|-weather|SunnyDay|[upkeep]\n|-heal|p1a: Tapu Fini|99\/100|[from] item: Leftovers\n|-damage|p2a: \u6d1b\u5947\u4e9a|82\/100 tox|[from] psn\n|upkeep\n|turn|5\n|\n|t:|1711943554\n|switch|p1a: Charizard|Charizard-Mega-Y, M, shiny|100\/100\n|move|p2a: \u6d1b\u5947\u4e9a|Tailwind|p2a: \u6d1b\u5947\u4e9a\n|-sidestart|p2: Lonely carp|move: Tailwind\n|\n|-weather|none\n|-damage|p2a: \u6d1b\u5947\u4e9a|64\/100 tox|[from] psn\n|upkeep\n|turn|6\n|\n|t:|1711943566\n|move|p2a: \u6d1b\u5947\u4e9a|Surf|p1a: Charizard\n|-supereffective|p1a: Charizard\n|-damage|p1a: Charizard|28\/100\n|move|p1a: Charizard|Ancient Power|p2a: \u6d1b\u5947\u4e9a\n|-supereffective|p2a: \u6d1b\u5947\u4e9a\n|-damage|p2a: \u6d1b\u5947\u4e9a|0 fnt\n|faint|p2a: \u6d1b\u5947\u4e9a\n|\n|upkeep\n|\n|t:|1711943580\n|switch|p2a: \u70c8\u7a7a\u5750|Serperior, F|100\/100\n|turn|7\n|\n|t:|1711943585\n|move|p2a: \u70c8\u7a7a\u5750|Dragon Pulse|p1a: Charizard\n|-damage|p1a: Charizard|13\/100\n|move|p1a: Charizard|Fire Blast|p2a: \u70c8\u7a7a\u5750\n|-supereffective|p2a: \u70c8\u7a7a\u5750\n|-damage|p2a: \u70c8\u7a7a\u5750|0 fnt\n|faint|p2a: \u70c8\u7a7a\u5750\n|\n|upkeep\n|\n|t:|1711943591\n|switch|p2a: \u767e\u6218\u52c7\u8005|Lycanroc-Dusk, F|100\/100\n|turn|8\n|\n|t:|1711943598\n|move|p2a: \u767e\u6218\u52c7\u8005|Outrage|p1a: Charizard\n|-damage|p1a: Charizard|0 fnt\n|faint|p1a: Charizard\n|\n|-sideend|p2: Lonely carp|move: Tailwind\n|-fieldend|Misty Terrain\n|upkeep\n|\n|t:|1711943608\n|switch|p1a: Tapu Fini|Tapu Fini, shiny|99\/100\n|-fieldstart|move: Misty Terrain|[from] ability: Misty Surge|[of] p1a: Tapu Fini\n|turn|9\n|\n|t:|1711943615\n|move|p2a: \u767e\u6218\u52c7\u8005|Outrage|p1a: Tapu Fini|[from]lockedmove\n|-immune|p1a: Tapu Fini\n|move|p1a: Tapu Fini|Surf|p2a: \u767e\u6218\u52c7\u8005\n|-supereffective|p2a: \u767e\u6218\u52c7\u8005\n|-damage|p2a: \u767e\u6218\u52c7\u8005|8\/100\n|\n|-heal|p1a: Tapu Fini|100\/100|[from] item: Leftovers\n|upkeep\n|turn|10\n|c|\u2606hhhaaapy|6\n|\n|t:|1711943631\n|move|p2a: \u767e\u6218\u52c7\u8005|Outrage|p1a: Tapu Fini\n|-immune|p1a: Tapu Fini\n|move|p1a: Tapu Fini|Surf|p2a: \u767e\u6218\u52c7\u8005\n|-supereffective|p2a: \u767e\u6218\u52c7\u8005\n|-damage|p2a: \u767e\u6218\u52c7\u8005|0 fnt\n|faint|p2a: \u767e\u6218\u52c7\u8005\n|\n|upkeep\n|\n|t:|1711943637\n|switch|p2a: \u76d6\u8bfa\u8d5b\u514b\u7279|Scizor, M|100\/100\n|turn|11\n|\n|t:|1711943643\n|detailschange|p2a: \u76d6\u8bfa\u8d5b\u514b\u7279|Scizor-Mega, M\n|-mega|p2a: \u76d6\u8bfa\u8d5b\u514b\u7279|Scizor|Scizorite\n|move|p1a: Tapu Fini|Surf|p2a: \u76d6\u8bfa\u8d5b\u514b\u7279\n|-damage|p2a: \u76d6\u8bfa\u8d5b\u514b\u7279|70\/100\n|move|p2a: \u76d6\u8bfa\u8d5b\u514b\u7279|Swords Dance|p2a: \u76d6\u8bfa\u8d5b\u514b\u7279\n|-boost|p2a: \u76d6\u8bfa\u8d5b\u514b\u7279|atk|2\n|\n|upkeep\n|turn|12\n|\n|t:|1711943652\n|move|p1a: Tapu Fini|Surf|p2a: \u76d6\u8bfa\u8d5b\u514b\u7279\n|-damage|p2a: \u76d6\u8bfa\u8d5b\u514b\u7279|39\/100\n|move|p2a: \u76d6\u8bfa\u8d5b\u514b\u7279|Roost|p2a: \u76d6\u8bfa\u8d5b\u514b\u7279\n|-heal|p2a: \u76d6\u8bfa\u8d5b\u514b\u7279|89\/100\n|-singleturn|p2a: \u76d6\u8bfa\u8d5b\u514b\u7279|move: Roost\n|\n|upkeep\n|turn|13\n|\n|t:|1711943659\n|switch|p1a: Rotom|Rotom-Wash, shiny|100\/100\n|move|p2a: \u76d6\u8bfa\u8d5b\u514b\u7279|Bullet Punch|p1a: Rotom\n|-resisted|p1a: Rotom\n|-damage|p1a: Rotom|87\/100\n|\n|-fieldend|Misty Terrain\n|upkeep\n|turn|14\n|\n|t:|1711943669\n|move|p1a: Rotom|Hydro Pump|p2a: \u76d6\u8bfa\u8d5b\u514b\u7279\n|-damage|p2a: \u76d6\u8bfa\u8d5b\u514b\u7279|48\/100\n|move|p2a: \u76d6\u8bfa\u8d5b\u514b\u7279|Knock Off|p1a: Rotom\n|-damage|p1a: Rotom|27\/100\n|-enditem|p1a: Rotom|Choice Scarf|[from] move: Knock Off|[of] p2a: \u76d6\u8bfa\u8d5b\u514b\u7279\n|\n|upkeep\n|turn|15\n|\n|t:|1711943677\n|move|p1a: Rotom|Hydro Pump|p2a: \u76d6\u8bfa\u8d5b\u514b\u7279\n|-damage|p2a: \u76d6\u8bfa\u8d5b\u514b\u7279|12\/100\n|move|p2a: \u76d6\u8bfa\u8d5b\u514b\u7279|Roost|p2a: \u76d6\u8bfa\u8d5b\u514b\u7279\n|-heal|p2a: \u76d6\u8bfa\u8d5b\u514b\u7279|62\/100\n|-singleturn|p2a: \u76d6\u8bfa\u8d5b\u514b\u7279|move: Roost\n|\n|upkeep\n|turn|16\n|\n|t:|1711943684\n|move|p1a: Rotom|Hydro Pump|p2a: \u76d6\u8bfa\u8d5b\u514b\u7279\n|-damage|p2a: \u76d6\u8bfa\u8d5b\u514b\u7279|24\/100\n|move|p2a: \u76d6\u8bfa\u8d5b\u514b\u7279|Roost|p2a: \u76d6\u8bfa\u8d5b\u514b\u7279\n|-heal|p2a: \u76d6\u8bfa\u8d5b\u514b\u7279|74\/100\n|-singleturn|p2a: \u76d6\u8bfa\u8d5b\u514b\u7279|move: Roost\n|\n|upkeep\n|turn|17\n|\n|t:|1711943692\n|move|p1a: Rotom|Defog|p2a: \u76d6\u8bfa\u8d5b\u514b\u7279\n|-unboost|p2a: \u76d6\u8bfa\u8d5b\u514b\u7279|evasion|1\n|move|p2a: \u76d6\u8bfa\u8d5b\u514b\u7279|Roost|p2a: \u76d6\u8bfa\u8d5b\u514b\u7279\n|-heal|p2a: \u76d6\u8bfa\u8d5b\u514b\u7279|100\/100\n|-singleturn|p2a: \u76d6\u8bfa\u8d5b\u514b\u7279|move: Roost\n|\n|upkeep\n|turn|18\n|\n|t:|1711943699\n|move|p1a: Rotom|Hydro Pump|p2a: \u76d6\u8bfa\u8d5b\u514b\u7279\n|-damage|p2a: \u76d6\u8bfa\u8d5b\u514b\u7279|58\/100\n|move|p2a: \u76d6\u8bfa\u8d5b\u514b\u7279|Swords Dance|p2a: \u76d6\u8bfa\u8d5b\u514b\u7279\n|-boost|p2a: \u76d6\u8bfa\u8d5b\u514b\u7279|atk|2\n|\n|upkeep\n|turn|19\n|\n|t:|1711943705\n|move|p1a: Rotom|Hydro Pump|p2a: \u76d6\u8bfa\u8d5b\u514b\u7279\n|-damage|p2a: \u76d6\u8bfa\u8d5b\u514b\u7279|20\/100\n|move|p2a: \u76d6\u8bfa\u8d5b\u514b\u7279|Roost|p2a: \u76d6\u8bfa\u8d5b\u514b\u7279\n|-heal|p2a: \u76d6\u8bfa\u8d5b\u514b\u7279|70\/100\n|-singleturn|p2a: \u76d6\u8bfa\u8d5b\u514b\u7279|move: Roost\n|\n|upkeep\n|turn|20\n|\n|t:|1711943712\n|move|p1a: Rotom|Hydro Pump|p2a: \u76d6\u8bfa\u8d5b\u514b\u7279\n|-damage|p2a: \u76d6\u8bfa\u8d5b\u514b\u7279|33\/100\n|move|p2a: \u76d6\u8bfa\u8d5b\u514b\u7279|Roost|p2a: \u76d6\u8bfa\u8d5b\u514b\u7279\n|-heal|p2a: \u76d6\u8bfa\u8d5b\u514b\u7279|83\/100\n|-singleturn|p2a: \u76d6\u8bfa\u8d5b\u514b\u7279|move: Roost\n|\n|upkeep\n|turn|21\n|\n|t:|1711943719\n|move|p1a: Rotom|Hydro Pump|p2a: \u76d6\u8bfa\u8d5b\u514b\u7279\n|-damage|p2a: \u76d6\u8bfa\u8d5b\u514b\u7279|47\/100\n|move|p2a: \u76d6\u8bfa\u8d5b\u514b\u7279|Roost|p2a: \u76d6\u8bfa\u8d5b\u514b\u7279\n|-heal|p2a: \u76d6\u8bfa\u8d5b\u514b\u7279|97\/100\n|-singleturn|p2a: \u76d6\u8bfa\u8d5b\u514b\u7279|move: Roost\n|\n|upkeep\n|turn|22\n|\n|t:|1711943726\n|move|p1a: Rotom|Hydro Pump|p2a: \u76d6\u8bfa\u8d5b\u514b\u7279\n|-damage|p2a: \u76d6\u8bfa\u8d5b\u514b\u7279|58\/100\n|move|p2a: \u76d6\u8bfa\u8d5b\u514b\u7279|Swords Dance|p2a: \u76d6\u8bfa\u8d5b\u514b\u7279\n|-boost|p2a: \u76d6\u8bfa\u8d5b\u514b\u7279|atk|2\n|\n|upkeep\n|turn|23\n|\n|t:|1711943734\n|move|p1a: Rotom|Volt Switch|p2a: \u76d6\u8bfa\u8d5b\u514b\u7279\n|-damage|p2a: \u76d6\u8bfa\u8d5b\u514b\u7279|35\/100\n|\n|t:|1711943738\n|switch|p1a: Darmanitan|Darmanitan, F, shiny|100\/100|[from] Volt Switch\n|move|p2a: \u76d6\u8bfa\u8d5b\u514b\u7279|Roost|p2a: \u76d6\u8bfa\u8d5b\u514b\u7279\n|-heal|p2a: \u76d6\u8bfa\u8d5b\u514b\u7279|85\/100\n|-singleturn|p2a: \u76d6\u8bfa\u8d5b\u514b\u7279|move: Roost\n|\n|upkeep\n|turn|24\n|\n|t:|1711943746\n|move|p2a: \u76d6\u8bfa\u8d5b\u514b\u7279|Bullet Punch|p1a: Darmanitan\n|-resisted|p1a: Darmanitan\n|-damage|p1a: Darmanitan|0 fnt\n|faint|p1a: Darmanitan\n|\n|upkeep\n|\n|t:|1711943754\n|switch|p1a: Tapu Fini|Tapu Fini, shiny|100\/100\n|-fieldstart|move: Misty Terrain|[from] ability: Misty Surge|[of] p1a: Tapu Fini\n|turn|25\n|\n|t:|1711943762\n|move|p2a: \u76d6\u8bfa\u8d5b\u514b\u7279|Bullet Punch|p1a: Tapu Fini\n|-damage|p1a: Tapu Fini|0 fnt\n|faint|p1a: Tapu Fini\n|\n|upkeep\n|\n|t:|1711943767\n|switch|p1a: Rotom|Rotom-Wash, shiny|27\/100\n|turn|26\n|\n|t:|1711943772\n|move|p1a: Rotom|Volt Switch|p2a: \u76d6\u8bfa\u8d5b\u514b\u7279\n|-damage|p2a: \u76d6\u8bfa\u8d5b\u514b\u7279|59\/100\n|\n|t:|1711943778\n|switch|p1a: Ferrothorn|Ferrothorn, F, shiny|100\/100|[from] Volt Switch\n|move|p2a: \u76d6\u8bfa\u8d5b\u514b\u7279|Roost|p2a: \u76d6\u8bfa\u8d5b\u514b\u7279\n|-heal|p2a: \u76d6\u8bfa\u8d5b\u514b\u7279|100\/100\n|-singleturn|p2a: \u76d6\u8bfa\u8d5b\u514b\u7279|move: Roost\n|\n|upkeep\n|turn|27\n|\n|t:|1711943786\n|move|p2a: \u76d6\u8bfa\u8d5b\u514b\u7279|Knock Off|p1a: Ferrothorn\n|-damage|p1a: Ferrothorn|0 fnt\n|-damage|p2a: \u76d6\u8bfa\u8d5b\u514b\u7279|88\/100|[from] ability: Iron Barbs|[of] p1a: Ferrothorn\n|-enditem|p1a: Ferrothorn|Leftovers|[from] move: Knock Off|[of] p2a: \u76d6\u8bfa\u8d5b\u514b\u7279\n|faint|p1a: Ferrothorn\n|\n|upkeep\n|-message|hhhaaapy forfeited.\n|\n|win|Lonely carp\n|raw|hhhaaapy's rating: 1189 &rarr; <strong>1166<\/strong><br \/>(-23 for losing)\n|raw|Lonely carp's rating: 1223 &rarr; <strong>1246<\/strong><br \/>(+23 for winning)\n|l|\u2606hhhaaapy\n|player|p1|\n","uploadtime":1711943796,"views":7,"formatid":"gen7ou","rating":1166,"private":0,"password":null}