{"id":"gen7ou-2093366558","format":"[Gen 7] OU","players":["Lonely carp","METALIC MIGHT"],"log":"|j|\u2606Lonely carp\n|j|\u2606METALIC MIGHT\n|t:|1711945368\n|gametype|singles\n|player|p1|Lonely carp|lady|1246\n|player|p2|METALIC MIGHT|drayden|1063\n|teamsize|p1|6\n|teamsize|p2|6\n|gen|7\n|tier|[Gen 7] OU\n|rated|\n|rule|Sleep Clause Mod: Limit one foe put to sleep\n|rule|Species Clause: Limit one of each Pok\u00e9mon\n|rule|OHKO Clause: OHKO moves are banned\n|rule|Moody Clause: Moody is banned\n|rule|Evasion Items Clause: Evasion items are banned\n|rule|Evasion Moves Clause: Evasion moves are banned\n|rule|Endless Battle Clause: Forcing endless battles is banned\n|rule|HP Percentage Mod: HP is shown in percentages\n|clearpoke\n|poke|p1|Serperior, M|item\n|poke|p1|Swanna, F|item\n|poke|p1|Lycanroc-Dusk, F|item\n|poke|p1|Scizor, F|item\n|poke|p1|Rapidash, F|item\n|poke|p1|Sandslash, M|item\n|poke|p2|Aggron, M|item\n|poke|p2|Primeape, M|item\n|poke|p2|Goodra, M|item\n|poke|p2|Dusknoir, M|item\n|poke|p2|Alakazam, M|item\n|poke|p2|Empoleon, M|item\n|teampreview\n|c|\u2606METALIC MIGHT|hello\n|\n|t:|1711945395\n|start\n|switch|p1a: \u56fa\u62c9\u591a|Sandslash, M|100\/100\n|switch|p2a: Darkest Dungeon|Alakazam, M|100\/100\n|turn|1\n|\n|t:|1711945402\n|move|p2a: Darkest Dungeon|Reflect|p2a: Darkest Dungeon\n|-sidestart|p2: METALIC MIGHT|Reflect\n|move|p1a: \u56fa\u62c9\u591a|Sandstorm|p1a: \u56fa\u62c9\u591a\n|-weather|Sandstorm\n|\n|-weather|Sandstorm|[upkeep]\n|-damage|p2a: Darkest Dungeon|95\/100|[from] Sandstorm\n|upkeep\n|turn|2\n|\n|t:|1711945409\n|move|p2a: Darkest Dungeon|Shadow Ball|p1a: \u56fa\u62c9\u591a\n|-damage|p1a: \u56fa\u62c9\u591a|40\/100\n|-damage|p2a: Darkest Dungeon|85\/100|[from] item: Life Orb\n|move|p1a: \u56fa\u62c9\u591a|Stealth Rock|p2a: Darkest Dungeon\n|-sidestart|p2: METALIC MIGHT|move: Stealth Rock\n|\n|-weather|Sandstorm|[upkeep]\n|-damage|p2a: Darkest Dungeon|79\/100|[from] Sandstorm\n|upkeep\n|turn|3\n|\n|t:|1711945421\n|switch|p1a: \u76d6\u8bfa\u8d5b\u514b\u7279|Scizor, F|100\/100\n|move|p2a: Darkest Dungeon|Shadow Ball|p1a: \u76d6\u8bfa\u8d5b\u514b\u7279\n|-damage|p1a: \u76d6\u8bfa\u8d5b\u514b\u7279|56\/100\n|-unboost|p1a: \u76d6\u8bfa\u8d5b\u514b\u7279|spd|1\n|-damage|p2a: Darkest Dungeon|69\/100|[from] item: Life Orb\n|\n|-weather|Sandstorm|[upkeep]\n|-damage|p2a: Darkest Dungeon|63\/100|[from] Sandstorm\n|upkeep\n|turn|4\n|\n|t:|1711945434\n|detailschange|p1a: \u76d6\u8bfa\u8d5b\u514b\u7279|Scizor-Mega, F\n|-mega|p1a: \u76d6\u8bfa\u8d5b\u514b\u7279|Scizor|Scizorite\n|move|p1a: \u76d6\u8bfa\u8d5b\u514b\u7279|Bullet Punch|p2a: Darkest Dungeon\n|-damage|p2a: Darkest Dungeon|17\/100\n|move|p2a: Darkest Dungeon|Hidden Power|p1a: \u76d6\u8bfa\u8d5b\u514b\u7279\n|-supereffective|p1a: \u76d6\u8bfa\u8d5b\u514b\u7279\n|-damage|p1a: \u76d6\u8bfa\u8d5b\u514b\u7279|0 fnt\n|faint|p1a: \u76d6\u8bfa\u8d5b\u514b\u7279\n|-damage|p2a: Darkest Dungeon|7\/100|[from] item: Life Orb\n|\n|-weather|Sandstorm|[upkeep]\n|-damage|p2a: Darkest Dungeon|1\/100|[from] Sandstorm\n|upkeep\n|\n|t:|1711945446\n|switch|p1a: \u767e\u6218\u52c7\u8005|Lycanroc-Dusk, F|100\/100\n|turn|5\n|\n|t:|1711945449\n|move|p1a: \u767e\u6218\u52c7\u8005|Sucker Punch|p2a: Darkest Dungeon\n|-supereffective|p2a: Darkest Dungeon\n|-damage|p2a: Darkest Dungeon|0 fnt\n|faint|p2a: Darkest Dungeon\n|\n|-weather|none\n|-sideend|p2: METALIC MIGHT|Reflect\n|upkeep\n|\n|t:|1711945454\n|switch|p2a: BRUTAL LEGEND|Aggron, M|100\/100\n|-damage|p2a: BRUTAL LEGEND|94\/100|[from] Stealth Rock\n|turn|6\n|\n|t:|1711945459\n|switch|p1a: \u56fa\u62c9\u591a|Sandslash, M|40\/100\n|move|p2a: BRUTAL LEGEND|Block|p1a: \u56fa\u62c9\u591a\n|-activate|p1a: \u56fa\u62c9\u591a|trapped\n|\n|upkeep\n|turn|7\n|\n|t:|1711945470\n|detailschange|p2a: BRUTAL LEGEND|Aggron-Mega, M\n|-mega|p2a: BRUTAL LEGEND|Aggron|Aggronite\n|move|p1a: \u56fa\u62c9\u591a|Earthquake|p2a: BRUTAL LEGEND\n|-supereffective|p2a: BRUTAL LEGEND\n|-damage|p2a: BRUTAL LEGEND|61\/100\n|move|p2a: BRUTAL LEGEND|Hone Claws|p2a: BRUTAL LEGEND\n|-boost|p2a: BRUTAL LEGEND|atk|1\n|-boost|p2a: BRUTAL LEGEND|accuracy|1\n|\n|upkeep\n|turn|8\n|\n|t:|1711945478\n|move|p1a: \u56fa\u62c9\u591a|Earthquake|p2a: BRUTAL LEGEND\n|-supereffective|p2a: BRUTAL LEGEND\n|-damage|p2a: BRUTAL LEGEND|30\/100\n|move|p2a: BRUTAL LEGEND|Avalanche|p1a: \u56fa\u62c9\u591a\n|-supereffective|p1a: \u56fa\u62c9\u591a\n|-damage|p1a: \u56fa\u62c9\u591a|0 fnt\n|faint|p1a: \u56fa\u62c9\u591a\n|\n|upkeep\n|\n|t:|1711945487\n|switch|p1a: \u6d1b\u5947\u4e9a|Swanna, F|100\/100\n|turn|9\n|\n|t:|1711945491\n|move|p1a: \u6d1b\u5947\u4e9a|Surf|p2a: BRUTAL LEGEND\n|-damage|p2a: BRUTAL LEGEND|0 fnt\n|faint|p2a: BRUTAL LEGEND\n|\n|upkeep\n|\n|t:|1711945496\n|switch|p2a: Spyro|Goodra, M|100\/100\n|-damage|p2a: Spyro|88\/100|[from] Stealth Rock\n|turn|10\n|\n|t:|1711945501\n|move|p1a: \u6d1b\u5947\u4e9a|Ice Beam|p2a: Spyro\n|-supereffective|p2a: Spyro\n|-damage|p2a: Spyro|69\/100\n|move|p2a: Spyro|Thunder|p1a: \u6d1b\u5947\u4e9a\n|-supereffective|p1a: \u6d1b\u5947\u4e9a\n|-enditem|p1a: \u6d1b\u5947\u4e9a|Focus Sash\n|-damage|p1a: \u6d1b\u5947\u4e9a|1\/100\n|-status|p1a: \u6d1b\u5947\u4e9a|par\n|\n|upkeep\n|turn|11\n|\n|t:|1711945511\n|move|p2a: Spyro|Dragon Pulse|p1a: \u6d1b\u5947\u4e9a\n|-damage|p1a: \u6d1b\u5947\u4e9a|0 fnt\n|faint|p1a: \u6d1b\u5947\u4e9a\n|\n|upkeep\n|\n|t:|1711945518\n|switch|p1a: \u767e\u6218\u52c7\u8005|Lycanroc-Dusk, F|100\/100\n|turn|12\n|\n|t:|1711945525\n|move|p1a: \u767e\u6218\u52c7\u8005|Outrage|p2a: Spyro\n|-supereffective|p2a: Spyro\n|-damage|p2a: Spyro|0 fnt\n|-ability|p2a: Spyro|Gooey\n|-unboost|p1a: \u767e\u6218\u52c7\u8005|spe|1\n|faint|p2a: Spyro\n|\n|upkeep\n|\n|t:|1711945534\n|switch|p2a: Elden Ring|Empoleon, M, shiny|100\/100\n|-damage|p2a: Elden Ring|94\/100|[from] Stealth Rock\n|turn|13\n|\n|t:|1711945538\n|move|p1a: \u767e\u6218\u52c7\u8005|Outrage|p2a: Elden Ring|[from]lockedmove\n|-resisted|p2a: Elden Ring\n|-damage|p2a: Elden Ring|55\/100\n|move|p2a: Elden Ring|Swords Dance|p2a: Elden Ring\n|-boost|p2a: Elden Ring|atk|2\n|\n|upkeep\n|turn|14\n|\n|t:|1711945546\n|move|p2a: Elden Ring|Aqua Jet|p1a: \u767e\u6218\u52c7\u8005\n|-supereffective|p1a: \u767e\u6218\u52c7\u8005\n|-damage|p1a: \u767e\u6218\u52c7\u8005|0 fnt\n|faint|p1a: \u767e\u6218\u52c7\u8005\n|\n|upkeep\n|\n|t:|1711945557\n|switch|p1a: \u857e\u51a0\u738b|Rapidash, F|100\/100\n|turn|15\n|\n|t:|1711945562\n|move|p2a: Elden Ring|Aqua Jet|p1a: \u857e\u51a0\u738b\n|-supereffective|p1a: \u857e\u51a0\u738b\n|-damage|p1a: \u857e\u51a0\u738b|0 fnt\n|faint|p1a: \u857e\u51a0\u738b\n|\n|upkeep\n|\n|t:|1711945564\n|switch|p1a: \u70c8\u7a7a\u5750|Serperior, M|100\/100\n|turn|16\n|\n|t:|1711945568\n|move|p1a: \u70c8\u7a7a\u5750|Glare|p2a: Elden Ring\n|-status|p2a: Elden Ring|par\n|move|p2a: Elden Ring|Steel Wing|p1a: \u70c8\u7a7a\u5750\n|-crit|p1a: \u70c8\u7a7a\u5750\n|-damage|p1a: \u70c8\u7a7a\u5750|6\/100\n|\n|-heal|p1a: \u70c8\u7a7a\u5750|12\/100|[from] item: Leftovers\n|upkeep\n|turn|17\n|\n|t:|1711945575\n|cant|p2a: Elden Ring|par\n|move|p1a: \u70c8\u7a7a\u5750|Leaf Storm|p2a: Elden Ring\n|-damage|p2a: Elden Ring|24\/100 par\n|-boost|p1a: \u70c8\u7a7a\u5750|spa|2\n|-enditem|p2a: Elden Ring|Aguav Berry|[eat]\n|-heal|p2a: Elden Ring|74\/100 par|[from] item: Aguav Berry\n|\n|-heal|p1a: \u70c8\u7a7a\u5750|19\/100|[from] item: Leftovers\n|upkeep\n|turn|18\n|\n|t:|1711945584\n|move|p2a: Elden Ring|Aqua Jet|p1a: \u70c8\u7a7a\u5750\n|-resisted|p1a: \u70c8\u7a7a\u5750\n|-damage|p1a: \u70c8\u7a7a\u5750|2\/100\n|move|p1a: \u70c8\u7a7a\u5750|Leaf Storm|p2a: Elden Ring\n|-damage|p2a: Elden Ring|5\/100 par\n|-boost|p1a: \u70c8\u7a7a\u5750|spa|2\n|\n|-heal|p1a: \u70c8\u7a7a\u5750|8\/100|[from] item: Leftovers\n|upkeep\n|turn|19\n|\n|t:|1711945595\n|cant|p2a: Elden Ring|par\n|move|p1a: \u70c8\u7a7a\u5750|Leaf Storm|p2a: Elden Ring\n|-damage|p2a: Elden Ring|0 fnt\n|-boost|p1a: \u70c8\u7a7a\u5750|spa|2\n|faint|p2a: Elden Ring\n|\n|-heal|p1a: \u70c8\u7a7a\u5750|14\/100|[from] item: Leftovers\n|upkeep\n|\n|t:|1711945603\n|switch|p2a: Dead by Daylight|Dusknoir, M, shiny|100\/100\n|-damage|p2a: Dead by Daylight|88\/100|[from] Stealth Rock\n|-ability|p2a: Dead by Daylight|Pressure\n|turn|20\n|\n|t:|1711945609\n|move|p2a: Dead by Daylight|Shadow Sneak|p1a: \u70c8\u7a7a\u5750\n|-damage|p1a: \u70c8\u7a7a\u5750|1\/100\n|move|p1a: \u70c8\u7a7a\u5750|Leaf Storm|p2a: Dead by Daylight\n|-damage|p2a: Dead by Daylight|0 fnt\n|faint|p2a: Dead by Daylight\n|\n|-heal|p1a: \u70c8\u7a7a\u5750|8\/100|[from] item: Leftovers\n|upkeep\n|\n|t:|1711945617\n|switch|p2a: Tekken|Primeape, M, shiny|100\/100\n|-damage|p2a: Tekken|95\/100|[from] Stealth Rock\n|turn|21\n|c|\u2606METALIC MIGHT|LOL\n|\n|t:|1711945622\n|move|p1a: \u70c8\u7a7a\u5750|Leaf Storm|p2a: Tekken\n|-damage|p2a: Tekken|0 fnt\n|faint|p2a: Tekken\n|\n|win|Lonely carp\n|raw|Lonely carp's rating: 1246 &rarr; <strong>1259<\/strong><br \/>(+13 for winning)\n|raw|METALIC MIGHT's rating: 1063 &rarr; <strong>1053<\/strong><br \/>(-10 for losing)\n|l|\u2606METALIC MIGHT\n|player|p2|\n","uploadtime":1711945628,"views":12,"formatid":"gen7ou","rating":1053,"private":0,"password":null}