{"id":"gen7ou-2093324267","format":"[Gen 7] OU","players":["LavSSBM","Oribi"],"log":"|j|\u2606LavSSBM\n|j|\u2606Oribi\n|t:|1711939421\n|gametype|singles\n|player|p1|LavSSBM|102|\n|player|p2|Oribi|miku-flying|\n|teamsize|p1|6\n|teamsize|p2|6\n|gen|7\n|tier|[Gen 7] OU\n|rule|Sleep Clause Mod: Limit one foe put to sleep\n|rule|Species Clause: Limit one of each Pok\u00e9mon\n|rule|OHKO Clause: OHKO moves are banned\n|rule|Moody Clause: Moody is banned\n|rule|Evasion Items Clause: Evasion items are banned\n|rule|Evasion Moves Clause: Evasion moves are banned\n|rule|Endless Battle Clause: Forcing endless battles is banned\n|rule|HP Percentage Mod: HP is shown in percentages\n|clearpoke\n|poke|p1|Hydreigon, M|item\n|poke|p1|Pinsir, M|item\n|poke|p1|Gengar, F|item\n|poke|p1|Quagsire, F|item\n|poke|p1|Tornadus, M|item\n|poke|p1|Cresselia, F|item\n|poke|p2|Magneton|item\n|poke|p2|Cobalion|item\n|poke|p2|Venomoth, F|item\n|poke|p2|Altaria, F|item\n|poke|p2|Sylveon, F|item\n|poke|p2|Diggersby, F|item\n|teampreview\n|j| DSBRUCE\n|c|\u2606LavSSBM|gl hf!\n|c|\u2606Oribi|glhf!!\n|\n|t:|1711939476\n|start\n|switch|p1a: Gengar|Gengar, F|100\/100\n|switch|p2a: Diggersby|Diggersby, F|100\/100\n|turn|1\n|\n|t:|1711939513\n|move|p1a: Gengar|Sludge Wave|p2a: Diggersby\n|-resisted|p2a: Diggersby\n|-damage|p2a: Diggersby|57\/100\n|move|p2a: Diggersby|Swords Dance|p2a: Diggersby\n|-boost|p2a: Diggersby|atk|2\n|\n|upkeep\n|turn|2\n|\n|t:|1711939519\n|move|p1a: Gengar|Sludge Wave|p2a: Diggersby\n|-resisted|p2a: Diggersby\n|-damage|p2a: Diggersby|12\/100\n|move|p2a: Diggersby|Earthquake|p1a: Gengar\n|-supereffective|p1a: Gengar\n|-damage|p1a: Gengar|0 fnt\n|-start|p2a: Diggersby|Disable|Earthquake|[from] ability: Cursed Body|[of] p1a: Gengar\n|faint|p1a: Gengar\n|-damage|p2a: Diggersby|2\/100|[from] item: Life Orb\n|\n|upkeep\n|\n|t:|1711939531\n|switch|p1a: Pinsir|Pinsir, M|100\/100\n|turn|3\n|\n|t:|1711939562\n|detailschange|p1a: Pinsir|Pinsir-Mega, M\n|-mega|p1a: Pinsir|Pinsir|Pinsirite\n|move|p1a: Pinsir|Quick Attack|p2a: Diggersby\n|-damage|p2a: Diggersby|0 fnt\n|faint|p2a: Diggersby\n|\n|upkeep\n|\n|t:|1711939568\n|switch|p2a: Magneton|Magneton|100\/100\n|-item|p2a: Magneton|Air Balloon\n|turn|4\n|\n|t:|1711939595\n|switch|p1a: trans rights|Quagsire, F, shiny|100\/100\n|move|p2a: Magneton|Electroweb|p1a: trans rights\n|-immune|p1a: trans rights\n|\n|upkeep\n|turn|5\n|\n|t:|1711939621\n|move|p2a: Magneton|Toxic|p1a: trans rights\n|-status|p1a: trans rights|tox\n|move|p1a: trans rights|Scald|p2a: Magneton\n|-damage|p2a: Magneton|79\/100\n|-enditem|p2a: Magneton|Air Balloon\n|\n|-damage|p1a: trans rights|94\/100 tox|[from] psn\n|upkeep\n|turn|6\n|\n|t:|1711939641\n|switch|p2a: Altaria|Altaria, F|100\/100\n|move|p1a: trans rights|Toxic|p2a: Altaria\n|-status|p2a: Altaria|tox\n|\n|-heal|p1a: trans rights|100\/100 tox|[from] item: Leftovers\n|-damage|p2a: Altaria|94\/100 tox|[from] psn\n|-damage|p1a: trans rights|88\/100 tox|[from] psn\n|upkeep\n|turn|7\n|\n|t:|1711939670\n|switch|p1a: Pinsir|Pinsir-Mega, M|100\/100\n|detailschange|p2a: Altaria|Altaria-Mega, F\n|-mega|p2a: Altaria|Altaria|Altarianite\n|move|p2a: Altaria|Agility|p2a: Altaria\n|-boost|p2a: Altaria|spe|2\n|\n|-damage|p2a: Altaria|82\/100 tox|[from] psn\n|upkeep\n|turn|8\n|\n|t:|1711939706\n|move|p1a: Pinsir|Quick Attack|p2a: Altaria\n|-damage|p2a: Altaria|51\/100 tox\n|move|p2a: Altaria|Return|p1a: Pinsir\n|-crit|p1a: Pinsir\n|-damage|p1a: Pinsir|0 fnt\n|faint|p1a: Pinsir\n|\n|-damage|p2a: Altaria|32\/100 tox|[from] psn\n|upkeep\n|\n|t:|1711939736\n|switch|p1a: trans rights|Quagsire, F, shiny|88\/100 tox\n|turn|9\n|\n|t:|1711939751\n|move|p2a: Altaria|Hidden Power|p1a: trans rights\n|-supereffective|p1a: trans rights\n|-damage|p1a: trans rights|17\/100 tox\n|move|p1a: trans rights|Recover|p1a: trans rights\n|-heal|p1a: trans rights|67\/100 tox\n|\n|-heal|p1a: trans rights|73\/100 tox|[from] item: Leftovers\n|-damage|p2a: Altaria|8\/100 tox|[from] psn\n|-damage|p1a: trans rights|67\/100 tox|[from] psn\n|upkeep\n|turn|10\n|\n|t:|1711939773\n|move|p2a: Altaria|Return|p1a: trans rights\n|-damage|p1a: trans rights|26\/100 tox\n|move|p1a: trans rights|Recover|p1a: trans rights\n|-heal|p1a: trans rights|76\/100 tox\n|\n|-heal|p1a: trans rights|82\/100 tox|[from] item: Leftovers\n|-damage|p2a: Altaria|0 fnt|[from] psn\n|faint|p2a: Altaria\n|-damage|p1a: trans rights|70\/100 tox|[from] psn\n|upkeep\n|\n|t:|1711939789\n|switch|p2a: Sylveon|Sylveon, F|100\/100\n|turn|11\n|\n|t:|1711939813\n|move|p2a: Sylveon|Hyper Voice|p1a: trans rights\n|-damage|p1a: trans rights|0 fnt\n|faint|p1a: trans rights\n|\n|upkeep\n|\n|t:|1711939820\n|switch|p1a: Tornadus|Tornadus, M|100\/100\n|turn|12\n|\n|t:|1711939848\n|move|p1a: Tornadus|Heat Wave|p2a: Sylveon\n|-damage|p2a: Sylveon|66\/100\n|-damage|p1a: Tornadus|91\/100|[from] item: Life Orb\n|move|p2a: Sylveon|Hyper Voice|p1a: Tornadus\n|-damage|p1a: Tornadus|0 fnt\n|faint|p1a: Tornadus\n|\n|upkeep\n|c|\u2606LavSSBM|Woah that is stronger than I thought it'd be\n|\n|t:|1711939864\n|switch|p1a: trans wrongs|Cresselia, F, shiny|100\/100\n|turn|13\n|\n|t:|1711939876\n|move|p2a: Sylveon|Hyper Voice|p1a: trans wrongs\n|-damage|p1a: trans wrongs|56\/100\n|move|p1a: trans wrongs|Psyshock|p2a: Sylveon\n|-damage|p2a: Sylveon|35\/100\n|\n|-heal|p1a: trans wrongs|62\/100|[from] item: Leftovers\n|upkeep\n|turn|14\n|\n|t:|1711939883\n|move|p2a: Sylveon|Hyper Voice|p1a: trans wrongs\n|-damage|p1a: trans wrongs|14\/100\n|move|p1a: trans wrongs|Moonlight|p1a: trans wrongs\n|-heal|p1a: trans wrongs|64\/100\n|\n|-heal|p1a: trans wrongs|70\/100|[from] item: Leftovers\n|upkeep\n|turn|15\n|\n|t:|1711939890\n|move|p2a: Sylveon|Hyper Voice|p1a: trans wrongs\n|-damage|p1a: trans wrongs|21\/100\n|move|p1a: trans wrongs|Moonlight|p1a: trans wrongs\n|-heal|p1a: trans wrongs|71\/100\n|\n|-heal|p1a: trans wrongs|77\/100|[from] item: Leftovers\n|upkeep\n|turn|16\n|\n|t:|1711939897\n|move|p2a: Sylveon|Hyper Voice|p1a: trans wrongs\n|-damage|p1a: trans wrongs|35\/100\n|move|p1a: trans wrongs|Psyshock|p2a: Sylveon\n|-damage|p2a: Sylveon|5\/100\n|\n|-heal|p1a: trans wrongs|41\/100|[from] item: Leftovers\n|upkeep\n|turn|17\n|\n|t:|1711939903\n|move|p2a: Sylveon|Hyper Voice|p1a: trans wrongs\n|-damage|p1a: trans wrongs|0 fnt\n|faint|p1a: trans wrongs\n|\n|upkeep\n|\n|t:|1711939909\n|switch|p1a: Hydreigon|Hydreigon, M|100\/100\n|turn|18\n|\n|t:|1711939920\n|move|p1a: Hydreigon|Surf|p2a: Sylveon\n|-damage|p2a: Sylveon|0 fnt\n|faint|p2a: Sylveon\n|\n|upkeep\n|\n|t:|1711939937\n|switch|p2a: Venomoth|Venomoth, F|100\/100\n|turn|19\n|\n|t:|1711939947\n|move|p1a: Hydreigon|Surf|p2a: Venomoth\n|-damage|p2a: Venomoth|50\/100\n|move|p2a: Venomoth|Sleep Powder|p1a: Hydreigon\n|-status|p1a: Hydreigon|slp|[from] move: Sleep Powder\n|\n|upkeep\n|turn|20\n|\n|t:|1711939954\n|cant|p1a: Hydreigon|slp\n|move|p2a: Venomoth|Bug Buzz|p1a: Hydreigon\n|-supereffective|p1a: Hydreigon\n|-damage|p1a: Hydreigon|20\/100 slp\n|\n|upkeep\n|turn|21\n|\n|t:|1711939958\n|-curestatus|p1a: Hydreigon|slp|[msg]\n|move|p1a: Hydreigon|Surf|p2a: Venomoth\n|-damage|p2a: Venomoth|0 fnt\n|faint|p2a: Venomoth\n|\n|upkeep\n|\n|t:|1711939966\n|switch|p2a: Magneton|Magneton|79\/100\n|turn|22\n|\n|t:|1711939973\n|move|p1a: Hydreigon|Surf|p2a: Magneton\n|-damage|p2a: Magneton|44\/100\n|move|p2a: Magneton|Electroweb|p1a: Hydreigon\n|-resisted|p1a: Hydreigon\n|-damage|p1a: Hydreigon|6\/100\n|-unboost|p1a: Hydreigon|spe|1\n|\n|upkeep\n|turn|23\n|\n|t:|1711939979\n|move|p1a: Hydreigon|Surf|p2a: Magneton\n|-damage|p2a: Magneton|6\/100\n|move|p2a: Magneton|Thunderbolt|p1a: Hydreigon\n|-resisted|p1a: Hydreigon\n|-damage|p1a: Hydreigon|0 fnt\n|faint|p1a: Hydreigon\n|\n|win|Oribi\n|c|\u2606Oribi|gg!!\n|l|\u2606Oribi\n|player|p2|\n|c|\u2606LavSSBM|gg :)\n","uploadtime":1711939986,"views":4,"formatid":"gen7ou","rating":null,"private":0,"password":null}