{"id":"gen7ou-2093347344","format":"[Gen 7] OU","players":["7j56ej77j56jr","AminitraboTTT"],"log":"|j|\u26067j56ej77j56jr\n|j|\u2606AminitraboTTT\n|t:|1711942476\n|gametype|singles\n|player|p1|7j56ej77j56jr|265|\n|player|p2|AminitraboTTT|supernerd|\n|teamsize|p1|6\n|teamsize|p2|6\n|gen|7\n|tier|[Gen 7] OU\n|rule|Sleep Clause Mod: Limit one foe put to sleep\n|rule|Species Clause: Limit one of each Pok\u00e9mon\n|rule|OHKO Clause: OHKO moves are banned\n|rule|Moody Clause: Moody is banned\n|rule|Evasion Items Clause: Evasion items are banned\n|rule|Evasion Moves Clause: Evasion moves are banned\n|rule|Endless Battle Clause: Forcing endless battles is banned\n|rule|HP Percentage Mod: HP is shown in percentages\n|clearpoke\n|poke|p1|Shedinja|item\n|poke|p1|Chansey, F|item\n|poke|p1|Zapdos|item\n|poke|p1|Gliscor, M|item\n|poke|p1|Sableye, M|item\n|poke|p1|Pyukumuku, F|item\n|poke|p2|Kartana|item\n|poke|p2|Lopunny, M|item\n|poke|p2|Landorus-Therian, M|item\n|poke|p2|Greninja-*, M|item\n|poke|p2|Magearna|item\n|poke|p2|Latios, M|item\n|teampreview\n|c|\u2606AminitraboTTT|Hola, soy AminitraboTTT, el bot de la sala Espa\u00f1ol. gl hf\n|inactive|Battle timer is ON: inactive players will automatically lose when time's up. (requested by AminitraboTTT)\n|inactive|7j56ej77j56jr also wants the timer to be on.\n|\n|t:|1711942479\n|start\n|switch|p1a: Sableye|Sableye, M|100\/100\n|switch|p2a: Kartana|Kartana|100\/100\n|turn|1\n|\n|t:|1711942482\n|switch|p2a: Greninja|Greninja, M|100\/100\n|detailschange|p1a: Sableye|Sableye-Mega, M\n|-mega|p1a: Sableye|Sableye|Sablenite\n|move|p1a: Sableye|Will-O-Wisp|p2a: Greninja\n|-status|p2a: Greninja|brn\n|\n|-damage|p2a: Greninja|95\/100 brn|[from] brn\n|upkeep\n|turn|2\n|\n|t:|1711942484\n|move|p1a: Sableye|Protect|p1a: Sableye\n|-singleturn|p1a: Sableye|Protect\n|move|p2a: Greninja|Dark Pulse|p1a: Sableye\n|-activate|p1a: Sableye|move: Protect\n|\n|-damage|p2a: Greninja|89\/100 brn|[from] brn\n|upkeep\n|turn|3\n|\n|t:|1711942488\n|switch|p1a: Chansey|Chansey, F|100\/100\n|move|p2a: Greninja|Dark Pulse|p1a: Chansey\n|-damage|p1a: Chansey|84\/100\n|\n|-damage|p2a: Greninja|83\/100 brn|[from] brn\n|upkeep\n|turn|4\n|\n|t:|1711942491\n|switch|p2a: Kartana|Kartana|100\/100\n|move|p1a: Chansey|Seismic Toss|p2a: Kartana\n|-damage|p2a: Kartana|62\/100\n|\n|upkeep\n|turn|5\n|\n|t:|1711942494\n|switch|p1a: Zapdos|Zapdos|100\/100\n|-ability|p1a: Zapdos|Pressure\n|-zpower|p2a: Kartana\n|move|p2a: Kartana|All-Out Pummeling|p1a: Zapdos|[zeffect]\n|-resisted|p1a: Zapdos\n|-damage|p1a: Zapdos|75\/100\n|\n|-heal|p1a: Zapdos|81\/100|[from] item: Leftovers\n|upkeep\n|turn|6\n|\n|t:|1711942496\n|switch|p2a: Landorus|Landorus-Therian, M|100\/100\n|-ability|p2a: Landorus|Intimidate|boost\n|-unboost|p1a: Zapdos|atk|1\n|move|p1a: Zapdos|Heat Wave|p2a: Landorus\n|-damage|p2a: Landorus|71\/100\n|-status|p2a: Landorus|brn\n|\n|-heal|p1a: Zapdos|88\/100|[from] item: Leftovers\n|-damage|p2a: Landorus|65\/100 brn|[from] brn\n|upkeep\n|turn|7\n|\n|t:|1711942498\n|switch|p1a: Sableye|Sableye-Mega, M|100\/100\n|move|p2a: Landorus|Stealth Rock|p1a: Sableye\n|move|p1a: Sableye|Stealth Rock|p2a: Landorus|[from]ability: Magic Bounce\n|-sidestart|p2: AminitraboTTT|move: Stealth Rock\n|\n|-damage|p2a: Landorus|59\/100 brn|[from] brn\n|upkeep\n|turn|8\n|\n|t:|1711942500\n|switch|p2a: Greninja|Greninja, M|83\/100 brn\n|-damage|p2a: Greninja|70\/100 brn|[from] Stealth Rock\n|move|p1a: Sableye|Foul Play|p2a: Greninja\n|-resisted|p2a: Greninja\n|-damage|p2a: Greninja|45\/100 brn\n|\n|-damage|p2a: Greninja|39\/100 brn|[from] brn\n|upkeep\n|turn|9\n|\n|t:|1711942502\n|move|p1a: Sableye|Protect|p1a: Sableye\n|-singleturn|p1a: Sableye|Protect\n|move|p2a: Greninja|Hydro Pump|p1a: Sableye\n|-activate|p1a: Sableye|move: Protect\n|\n|-damage|p2a: Greninja|33\/100 brn|[from] brn\n|upkeep\n|turn|10\n|\n|t:|1711942504\n|switch|p1a: Shedinja|Shedinja|100\/100\n|move|p2a: Greninja|Hydro Pump|p1a: Shedinja\n|-immune|p1a: Shedinja|[from] ability: Wonder Guard\n|\n|-damage|p2a: Greninja|27\/100 brn|[from] brn\n|upkeep\n|turn|11\n|\n|t:|1711942506\n|switch|p2a: Lopunny|Lopunny, M|100\/100\n|-damage|p2a: Lopunny|88\/100|[from] Stealth Rock\n|move|p1a: Shedinja|Will-O-Wisp|p2a: Lopunny\n|-status|p2a: Lopunny|brn\n|\n|-damage|p2a: Lopunny|82\/100 brn|[from] brn\n|upkeep\n|turn|12\n|\n|t:|1711942510\n|detailschange|p2a: Lopunny|Lopunny-Mega, M\n|-mega|p2a: Lopunny|Lopunny|Lopunnite\n|move|p1a: Shedinja|Protect|p1a: Shedinja\n|-singleturn|p1a: Shedinja|Protect\n|move|p2a: Lopunny|Encore|p1a: Shedinja\n|-activate|p1a: Shedinja|move: Protect\n|\n|-damage|p2a: Lopunny|77\/100 brn|[from] brn\n|upkeep\n|turn|13\n|\n|t:|1711942513\n|move|p2a: Lopunny|Encore|p1a: Shedinja\n|-start|p1a: Shedinja|Encore\n|move|p1a: Shedinja|Protect||[still]\n|-fail|p1a: Shedinja\n|\n|-damage|p2a: Lopunny|71\/100 brn|[from] brn\n|upkeep\n|turn|14\n|\n|t:|1711942516\n|switch|p2a: Magearna|Magearna|100\/100\n|-damage|p2a: Magearna|94\/100|[from] Stealth Rock\n|move|p1a: Shedinja|Protect||[still]\n|-fail|p1a: Shedinja\n|\n|upkeep\n|turn|15\n|\n|t:|1711942519\n|switch|p1a: Chansey|Chansey, F|84\/100\n|move|p2a: Magearna|Hidden Power|p1a: Chansey\n|-damage|p1a: Chansey|79\/100\n|\n|upkeep\n|turn|16\n|\n|t:|1711942520\n|switch|p2a: Kartana|Kartana|62\/100\n|-damage|p2a: Kartana|56\/100|[from] Stealth Rock\n|move|p1a: Chansey|Seismic Toss|p2a: Kartana\n|-damage|p2a: Kartana|18\/100\n|\n|upkeep\n|turn|17\n|\n|t:|1711942522\n|switch|p1a: Zapdos|Zapdos|88\/100\n|-ability|p1a: Zapdos|Pressure\n|move|p2a: Kartana|Sacred Sword|p1a: Zapdos\n|-resisted|p1a: Zapdos\n|-damage|p1a: Zapdos|74\/100\n|\n|-heal|p1a: Zapdos|80\/100|[from] item: Leftovers\n|upkeep\n|turn|18\n|\n|t:|1711942524\n|switch|p2a: Landorus|Landorus-Therian, M|59\/100 brn\n|-damage|p2a: Landorus|46\/100 brn|[from] Stealth Rock\n|-ability|p2a: Landorus|Intimidate|boost\n|-unboost|p1a: Zapdos|atk|1\n|move|p1a: Zapdos|Heat Wave|p2a: Landorus\n|-damage|p2a: Landorus|18\/100 brn\n|\n|-heal|p1a: Zapdos|86\/100|[from] item: Leftovers\n|-damage|p2a: Landorus|12\/100 brn|[from] brn\n|upkeep\n|turn|19\n|\n|t:|1711942527\n|switch|p1a: Sableye|Sableye-Mega, M|100\/100\n|move|p2a: Landorus|Stealth Rock|p1a: Sableye\n|move|p1a: Sableye|Stealth Rock||[from]ability: Magic Bounce|[still]\n|-fail|p1a: Sableye\n|\n|-damage|p2a: Landorus|6\/100 brn|[from] brn\n|upkeep\n|turn|20\n|\n|t:|1711942530\n|move|p2a: Landorus|Earthquake|p1a: Sableye\n|-damage|p1a: Sableye|78\/100\n|move|p1a: Sableye|Will-O-Wisp|p2a: Landorus\n|-fail|p2a: Landorus|brn\n|\n|-damage|p2a: Landorus|0 fnt|[from] brn\n|faint|p2a: Landorus\n|upkeep\n|\n|t:|1711942531\n|switch|p2a: Lopunny|Lopunny-Mega, M|71\/100 brn\n|-damage|p2a: Lopunny|65\/100 brn|[from] Stealth Rock\n|turn|21\n|\n|t:|1711942533\n|move|p1a: Sableye|Protect|p1a: Sableye\n|-singleturn|p1a: Sableye|Protect\n|move|p2a: Lopunny|High Jump Kick|p1a: Sableye\n|-activate|p1a: Sableye|move: Protect\n|-damage|p2a: Lopunny|15\/100 brn|[from] highjumpkick\n|\n|-damage|p2a: Lopunny|9\/100 brn|[from] brn\n|upkeep\n|turn|22\n|\n|t:|1711942536\n|switch|p1a: Shedinja|Shedinja|100\/100\n|move|p2a: Lopunny|High Jump Kick|p1a: Shedinja\n|-immune|p1a: Shedinja|[from] ability: Wonder Guard\n|-damage|p2a: Lopunny|0 fnt|[from] highjumpkick\n|faint|p2a: Lopunny\n|\n|upkeep\n|\n|t:|1711942536\n|switch|p2a: Magearna|Magearna|94\/100\n|-damage|p2a: Magearna|88\/100|[from] Stealth Rock\n|turn|23\n|\n|t:|1711942539\n|switch|p1a: Chansey|Chansey, F|79\/100\n|move|p2a: Magearna|Hidden Power|p1a: Chansey\n|-damage|p1a: Chansey|74\/100\n|\n|upkeep\n|turn|24\n|\n|t:|1711942541\n|switch|p2a: Kartana|Kartana|18\/100\n|-damage|p2a: Kartana|12\/100|[from] Stealth Rock\n|move|p1a: Chansey|Soft-Boiled|p1a: Chansey\n|-heal|p1a: Chansey|100\/100\n|\n|upkeep\n|turn|25\n|\n|t:|1711942544\n|switch|p1a: Zapdos|Zapdos|86\/100\n|-ability|p1a: Zapdos|Pressure\n|move|p2a: Kartana|Leaf Blade|p1a: Zapdos\n|-resisted|p1a: Zapdos\n|-damage|p1a: Zapdos|66\/100\n|\n|-heal|p1a: Zapdos|72\/100|[from] item: Leftovers\n|upkeep\n|turn|26\n|\n|t:|1711942546\n|switch|p2a: Latios|Latios, M|100\/100\n|-damage|p2a: Latios|88\/100|[from] Stealth Rock\n|move|p1a: Zapdos|Discharge|p2a: Latios\n|-resisted|p2a: Latios\n|-damage|p2a: Latios|71\/100\n|\n|-heal|p1a: Zapdos|78\/100|[from] item: Leftovers\n|upkeep\n|turn|27\n|\n|t:|1711942548\n|switch|p1a: Sableye|Sableye-Mega, M|78\/100\n|move|p2a: Latios|Psyshock|p1a: Sableye\n|-immune|p1a: Sableye\n|\n|upkeep\n|turn|28\n|\n|t:|1711942551\n|switch|p2a: Greninja|Greninja, M|27\/100 brn\n|-damage|p2a: Greninja|15\/100 brn|[from] Stealth Rock\n|move|p1a: Sableye|Foul Play|p2a: Greninja\n|-resisted|p2a: Greninja\n|-damage|p2a: Greninja|0 fnt\n|faint|p2a: Greninja\n|\n|upkeep\n|\n|t:|1711942551\n|switch|p2a: Magearna|Magearna|88\/100\n|-damage|p2a: Magearna|82\/100|[from] Stealth Rock\n|turn|29\n|\n|t:|1711942555\n|switch|p1a: Chansey|Chansey, F|100\/100\n|move|p2a: Magearna|Fleur Cannon|p1a: Chansey\n|-damage|p1a: Chansey|84\/100\n|-unboost|p2a: Magearna|spa|2\n|\n|upkeep\n|turn|30\n|\n|t:|1711942557\n|switch|p2a: Kartana|Kartana|12\/100\n|-damage|p2a: Kartana|5\/100|[from] Stealth Rock\n|move|p1a: Chansey|Seismic Toss|p2a: Kartana\n|-damage|p2a: Kartana|0 fnt\n|faint|p2a: Kartana\n|\n|upkeep\n|\n|t:|1711942558\n|switch|p2a: Magearna|Magearna|82\/100\n|-damage|p2a: Magearna|76\/100|[from] Stealth Rock\n|turn|31\n|\n|t:|1711942560\n|move|p1a: Chansey|Light Screen|p1a: Chansey\n|-sidestart|p1: 7j56ej77j56jr|move: Light Screen\n|move|p2a: Magearna|Iron Head|p1a: Chansey\n|-damage|p1a: Chansey|65\/100\n|\n|upkeep\n|turn|32\n|\n|t:|1711942563\n|move|p1a: Chansey|Seismic Toss|p2a: Magearna\n|-damage|p2a: Magearna|49\/100\n|move|p2a: Magearna|Hidden Power|p1a: Chansey\n|-damage|p1a: Chansey|63\/100\n|\n|upkeep\n|turn|33\n|\n|t:|1711942564\n|move|p1a: Chansey|Seismic Toss|p2a: Magearna\n|-damage|p2a: Magearna|21\/100\n|move|p2a: Magearna|Fleur Cannon|p1a: Chansey\n|-damage|p1a: Chansey|54\/100\n|-unboost|p2a: Magearna|spa|2\n|\n|upkeep\n|turn|34\n|\n|t:|1711942566\n|switch|p2a: Latios|Latios, M|71\/100\n|-damage|p2a: Latios|59\/100|[from] Stealth Rock\n|move|p1a: Chansey|Soft-Boiled|p1a: Chansey\n|-heal|p1a: Chansey|100\/100\n|\n|upkeep\n|turn|35\n|\n|t:|1711942568\n|switch|p2a: Magearna|Magearna|21\/100\n|-damage|p2a: Magearna|15\/100|[from] Stealth Rock\n|move|p1a: Chansey|Seismic Toss|p2a: Magearna\n|-damage|p2a: Magearna|0 fnt\n|faint|p2a: Magearna\n|\n|-sideend|p1: 7j56ej77j56jr|move: Light Screen\n|upkeep\n|\n|t:|1711942568\n|switch|p2a: Latios|Latios, M|59\/100\n|-damage|p2a: Latios|47\/100|[from] Stealth Rock\n|turn|36\n|\n|t:|1711942570\n|switch|p1a: Sableye|Sableye-Mega, M|78\/100\n|move|p2a: Latios|Draco Meteor|p1a: Sableye\n|-damage|p1a: Sableye|26\/100\n|-unboost|p2a: Latios|spa|2\n|\n|upkeep\n|turn|37\n|\n|t:|1711942572\n|switch|p1a: Shedinja|Shedinja|100\/100\n|move|p2a: Latios|Draco Meteor|p1a: Shedinja\n|-immune|p1a: Shedinja|[from] ability: Wonder Guard\n|\n|upkeep\n|turn|38\n|\n|t:|1711942574\n|move|p1a: Shedinja|Shadow Sneak|p2a: Latios\n|-supereffective|p2a: Latios\n|-damage|p2a: Latios|0 fnt\n|faint|p2a: Latios\n|\n|win|7j56ej77j56jr\n|c|\u2606AminitraboTTT|gg\n|l|\u2606AminitraboTTT\n|player|p2|\n|c|\u26067j56ej77j56jr|\/log 7j56ej77j56jr made this room public.\n","uploadtime":1711942580,"views":1,"formatid":"gen7ou","rating":null,"private":0,"password":null}