|j|‽khgfdghjklkjhgf
|j|☆kxlo
|t:|1711944193
|gametype|singles
|player|p1|khgfdghjklkjhgf|aromalady|1093
|player|p2|kxlo|burglar|1047
|teamsize|p1|6
|teamsize|p2|6
|gen|7
|tier|[Gen 7] OU
|rated|
|rule|Sleep Clause Mod: Limit one foe put to sleep
|rule|Species Clause: Limit one of each Pokémon
|rule|OHKO Clause: OHKO moves are banned
|rule|Moody Clause: Moody is banned
|rule|Evasion Items Clause: Evasion items are banned
|rule|Evasion Moves Clause: Evasion moves are banned
|rule|Endless Battle Clause: Forcing endless battles is banned
|rule|HP Percentage Mod: HP is shown in percentages
|clearpoke
|poke|p1|Toxapex, M|item
|poke|p1|Tapu Lele|item
|poke|p1|Gliscor, M|item
|poke|p1|Tornadus-Therian, M|item
|poke|p1|Hoopa-Unbound|item
|poke|p1|Magearna|item
|poke|p2|Hawlucha, M|item
|poke|p2|Kommo-o, M|item
|poke|p2|Lycanroc-Dusk, M|item
|poke|p2|Charizard, F|item
|poke|p2|Ferrothorn, F|item
|poke|p2|Greninja-*, M|item
|teampreview
|inactive|Battle timer is ON: inactive players will automatically lose when time's up. (requested by kxlo)
|inactive|kxlo has 120 seconds left.
|
|t:|1711944226
|start
|switch|p1a: Toxapex|Toxapex, M|100/100
|switch|p2a: Hawlucha|Hawlucha, M|100/100
|turn|1
|
|t:|1711944232
|move|p2a: Hawlucha|Swords Dance|p2a: Hawlucha
|-boost|p2a: Hawlucha|atk|2
|move|p1a: Toxapex|Scald|p2a: Hawlucha
|-damage|p2a: Hawlucha|72/100
|
|upkeep
|turn|2
|
|t:|1711944235
|move|p2a: Hawlucha|Sky Attack||[still]
|-prepare|p2a: Hawlucha|Sky Attack
|-enditem|p2a: Hawlucha|Power Herb
|-anim|p2a: Hawlucha|Sky Attack|p1a: Toxapex
|-damage|p1a: Toxapex|15/100
|move|p1a: Toxapex|Haze|p1a: Toxapex
|-clearallboost
|
|-heal|p1a: Toxapex|22/100|[from] item: Black Sludge
|upkeep
|turn|3
|inactive|kxlo has 120 seconds left.
|
|t:|1711944268
|switch|p1a: Tapu Lele|Tapu Lele|100/100
|-fieldstart|move: Psychic Terrain|[from] ability: Psychic Surge|[of] p1a: Tapu Lele
|move|p2a: Hawlucha|Acrobatics|p1a: Tapu Lele
|-damage|p1a: Tapu Lele|19/100
|
|upkeep
|turn|4
|
|t:|1711944289
|move|p2a: Hawlucha|Acrobatics|p1a: Tapu Lele
|-damage|p1a: Tapu Lele|0 fnt
|faint|p1a: Tapu Lele
|
|upkeep
|
|t:|1711944294
|switch|p1a: Magearna|Magearna|100/100
|turn|5
|inactive|kxlo has 120 seconds left.
|
|t:|1711944330
|move|p2a: Hawlucha|Acrobatics|p1a: Magearna
|-resisted|p1a: Magearna
|-damage|p1a: Magearna|81/100
|move|p1a: Magearna|Fleur Cannon|p2a: Hawlucha
|-supereffective|p2a: Hawlucha
|-damage|p2a: Hawlucha|0 fnt
|-unboost|p1a: Magearna|spa|2
|faint|p2a: Hawlucha
|-ability|p1a: Magearna|Soul-Heart|boost
|-boost|p1a: Magearna|spa|1
|
|upkeep
|inactive|kxlo has 90 seconds left.
|
|t:|1711944352
|switch|p2a: Ned|Charizard, F|100/100
|turn|6
|
|t:|1711944357
|move|p2a: Ned|Flamethrower|p1a: Magearna
|-supereffective|p1a: Magearna
|-damage|p1a: Magearna|42/100
|move|p1a: Magearna|Volt Switch|p2a: Ned
|-supereffective|p2a: Ned
|-damage|p2a: Ned|68/100
|
|t:|1711944360
|switch|p1a: Toxapex|Toxapex, M|55/100|[from] Volt Switch
|
|-heal|p1a: Toxapex|61/100|[from] item: Black Sludge
|upkeep
|turn|7
|
|t:|1711944374
|move|p2a: Ned|Protect|p2a: Ned
|-singleturn|p2a: Ned|Protect
|move|p1a: Toxapex|Recover|p1a: Toxapex
|-heal|p1a: Toxapex|100/100
|
|-fieldend|move: Psychic Terrain
|upkeep
|turn|8
|
|t:|1711944380
|move|p2a: Ned|Protect|p2a: Ned
|-singleturn|p2a: Ned|Protect
|move|p1a: Toxapex|Toxic Spikes|p2a: Ned
|-sidestart|p2: kxlo|move: Toxic Spikes
|
|upkeep
|turn|9
|
|t:|1711944389
|move|p2a: Ned|Dragon Dance|p2a: Ned
|-boost|p2a: Ned|atk|1
|-boost|p2a: Ned|spe|1
|move|p1a: Toxapex|Scald|p2a: Ned
|-supereffective|p2a: Ned
|-damage|p2a: Ned|25/100
|
|upkeep
|turn|10
|inactive|kxlo has 120 seconds left.
|
|t:|1711944400
|detailschange|p2a: Ned|Charizard-Mega-Y, F
|-mega|p2a: Ned|Charizard|Charizardite Y
|-weather|SunnyDay|[from] ability: Drought|[of] p2a: Ned
|move|p2a: Ned|Solar Beam||[still]
|-prepare|p2a: Ned|Solar Beam
|-anim|p2a: Ned|Solar Beam|p1a: Toxapex
|-damage|p1a: Toxapex|56/100
|move|p1a: Toxapex|Scald|p2a: Ned
|-supereffective|p2a: Ned
|-damage|p2a: Ned|7/100
|
|-weather|SunnyDay|[upkeep]
|-heal|p1a: Toxapex|63/100|[from] item: Black Sludge
|upkeep
|turn|11
|
|t:|1711944407
|move|p2a: Ned|Solar Beam||[still]
|-prepare|p2a: Ned|Solar Beam
|-anim|p2a: Ned|Solar Beam|p1a: Toxapex
|-damage|p1a: Toxapex|17/100
|move|p1a: Toxapex|Recover|p1a: Toxapex
|-heal|p1a: Toxapex|67/100
|
|-weather|SunnyDay|[upkeep]
|-heal|p1a: Toxapex|73/100|[from] item: Black Sludge
|upkeep
|turn|12
|
|t:|1711944420
|move|p2a: Ned|Solar Beam||[still]
|-prepare|p2a: Ned|Solar Beam
|-anim|p2a: Ned|Solar Beam|p1a: Toxapex
|-damage|p1a: Toxapex|29/100
|move|p1a: Toxapex|Recover|p1a: Toxapex
|-heal|p1a: Toxapex|79/100
|
|-weather|SunnyDay|[upkeep]
|-heal|p1a: Toxapex|86/100|[from] item: Black Sludge
|upkeep
|turn|13
|
|t:|1711944424
|move|p2a: Ned|Solar Beam||[still]
|-prepare|p2a: Ned|Solar Beam
|-anim|p2a: Ned|Solar Beam|p1a: Toxapex
|-damage|p1a: Toxapex|42/100
|move|p1a: Toxapex|Recover|p1a: Toxapex
|-heal|p1a: Toxapex|92/100
|
|-weather|SunnyDay|[upkeep]
|-heal|p1a: Toxapex|99/100|[from] item: Black Sludge
|upkeep
|turn|14
|
|t:|1711944427
|move|p2a: Ned|Solar Beam||[still]
|-prepare|p2a: Ned|Solar Beam
|-anim|p2a: Ned|Solar Beam|p1a: Toxapex
|-damage|p1a: Toxapex|60/100
|move|p1a: Toxapex|Recover|p1a: Toxapex
|-heal|p1a: Toxapex|100/100
|
|-weather|none
|upkeep
|turn|15
|
|t:|1711944431
|move|p2a: Ned|Solar Beam||[still]
|-prepare|p2a: Ned|Solar Beam
|move|p1a: Toxapex|Scald|p2a: Ned
|-supereffective|p2a: Ned
|-damage|p2a: Ned|0 fnt
|faint|p2a: Ned
|
|upkeep
|
|t:|1711944442
|switch|p2a: KKomi|Kommo-o, M|100/100
|-status|p2a: KKomi|psn
|turn|16
|
|t:|1711944453
|-zpower|p2a: KKomi
|move|p2a: KKomi|Clangorous Soulblaze|p1a: Toxapex|[zeffect]
|-damage|p1a: Toxapex|48/100
|-boost|p2a: KKomi|atk|1
|-boost|p2a: KKomi|def|1
|-boost|p2a: KKomi|spa|1
|-boost|p2a: KKomi|spd|1
|-boost|p2a: KKomi|spe|1
|move|p1a: Toxapex|Haze|p1a: Toxapex
|-clearallboost
|
|-heal|p1a: Toxapex|54/100|[from] item: Black Sludge
|-damage|p2a: KKomi|88/100 psn|[from] psn
|upkeep
|turn|17
|
|t:|1711944464
|switch|p1a: Gliscor|Gliscor, M|100/100
|move|p2a: KKomi|Earthquake|p1a: Gliscor
|-immune|p1a: Gliscor
|
|-damage|p2a: KKomi|76/100 psn|[from] psn
|-status|p1a: Gliscor|tox|[from] item: Toxic Orb
|upkeep
|turn|18
|
|t:|1711944480
|move|p2a: KKomi|Clanging Scales|p1a: Gliscor
|-damage|p1a: Gliscor|63/100 tox
|-unboost|p2a: KKomi|def|1
|move|p1a: Gliscor|Stealth Rock|p2a: KKomi
|-sidestart|p2: kxlo|move: Stealth Rock
|
|-damage|p2a: KKomi|63/100 psn|[from] psn
|-heal|p1a: Gliscor|75/100 tox|[from] ability: Poison Heal
|upkeep
|turn|19
|
|t:|1711944493
|move|p2a: KKomi|Clanging Scales|p1a: Gliscor
|-crit|p1a: Gliscor
|-damage|p1a: Gliscor|17/100 tox
|-unboost|p2a: KKomi|def|1
|move|p1a: Gliscor|Earthquake|p2a: KKomi
|-damage|p2a: KKomi|2/100 psn
|
|-damage|p2a: KKomi|0 fnt|[from] psn
|faint|p2a: KKomi
|-heal|p1a: Gliscor|30/100 tox|[from] ability: Poison Heal
|upkeep
|j| gyattmaster6969
|
|t:|1711944497
|switch|p2a: SmashBro|Greninja, M|100/100
|-status|p2a: SmashBro|psn
|-damage|p2a: SmashBro|88/100 psn|[from] Stealth Rock
|turn|20
|l| gyattmaster6969
|
|t:|1711944509
|switch|p1a: Toxapex|Toxapex, M|87/100
|move|p2a: SmashBro|Ice Beam|p1a: Toxapex
|-resisted|p1a: Toxapex
|-damage|p1a: Toxapex|76/100
|
|-heal|p2a: SmashBro|94/100 psn|[from] item: Leftovers
|-heal|p1a: Toxapex|83/100|[from] item: Black Sludge
|-damage|p2a: SmashBro|82/100 psn|[from] psn
|upkeep
|turn|21
|
|t:|1711944511
|switch|p1a: Magearna|Magearna|42/100
|move|p2a: SmashBro|Extrasensory|p1a: Magearna
|-resisted|p1a: Magearna
|-damage|p1a: Magearna|37/100
|
|-heal|p2a: SmashBro|88/100 psn|[from] item: Leftovers
|-damage|p2a: SmashBro|76/100 psn|[from] psn
|upkeep
|turn|22
|
|t:|1711944515
|move|p2a: SmashBro|Surf|p1a: Magearna
|-damage|p1a: Magearna|19/100
|move|p1a: Magearna|Volt Switch|p2a: SmashBro
|-supereffective|p2a: SmashBro
|-damage|p2a: SmashBro|9/100 psn
|inactive|khgfdghjklkjhgf has 120 seconds left.
|
|t:|1711944547
|switch|p1a: Toxapex|Toxapex, M|100/100|[from] Volt Switch
|
|-heal|p2a: SmashBro|15/100 psn|[from] item: Leftovers
|-damage|p2a: SmashBro|3/100 psn|[from] psn
|upkeep
|turn|23
|
|t:|1711944555
|switch|p1a: Tornadus|Tornadus-Therian, M|100/100
|move|p2a: SmashBro|Extrasensory|p1a: Tornadus
|-damage|p1a: Tornadus|76/100
|
|-heal|p2a: SmashBro|9/100 psn|[from] item: Leftovers
|-damage|p2a: SmashBro|0 fnt|[from] psn
|faint|p2a: SmashBro
|upkeep
|
|t:|1711944563
|switch|p2a: Luca|Lycanroc-Dusk, M, shiny|100/100
|-status|p2a: Luca|psn
|-damage|p2a: Luca|88/100 psn|[from] Stealth Rock
|turn|24
|
|t:|1711944573
|move|p2a: Luca|Accelerock|p1a: Tornadus
|-supereffective|p1a: Tornadus
|-damage|p1a: Tornadus|24/100
|-damage|p2a: Luca|72/100 psn|[from] item: Rocky Helmet|[of] p1a: Tornadus
|move|p1a: Tornadus|U-turn|p2a: Luca
|-damage|p2a: Luca|49/100 psn
|-damage|p1a: Tornadus|8/100|[from] item: Rocky Helmet|[of] p2a: Luca
|
|t:|1711944577
|switch|p1a: Gliscor|Gliscor, M|30/100 tox|[from] U-turn
|
|-damage|p2a: Luca|37/100 psn|[from] psn
|-heal|p1a: Gliscor|42/100 tox|[from] ability: Poison Heal
|upkeep
|turn|25
|
|t:|1711944586
|move|p2a: Luca|Crunch|p1a: Gliscor
|-damage|p1a: Gliscor|16/100 tox
|-unboost|p1a: Gliscor|def|1
|move|p1a: Gliscor|Roost|p1a: Gliscor
|-heal|p1a: Gliscor|66/100 tox
|-singleturn|p1a: Gliscor|move: Roost
|
|-damage|p2a: Luca|24/100 psn|[from] psn
|-heal|p1a: Gliscor|78/100 tox|[from] ability: Poison Heal
|upkeep
|turn|26
|
|t:|1711944598
|move|p2a: Luca|Crunch|p1a: Gliscor
|-damage|p1a: Gliscor|37/100 tox
|-unboost|p1a: Gliscor|def|1
|move|p1a: Gliscor|Earthquake|p2a: Luca
|-supereffective|p2a: Luca
|-damage|p2a: Luca|0 fnt
|faint|p2a: Luca
|
|-heal|p1a: Gliscor|50/100 tox|[from] ability: Poison Heal
|upkeep
|n|!kxlo|kxlo
|
|t:|1711944609
|switch|p2a: Thorny|Ferrothorn, F|100/100
|-damage|p2a: Thorny|94/100|[from] Stealth Rock
|turn|27
|
|t:|1711944631
|move|p1a: Gliscor|Earthquake|p2a: Thorny
|-damage|p2a: Thorny|71/100
|move|p2a: Thorny|Gyro Ball|p1a: Gliscor
|-damage|p1a: Gliscor|0 fnt
|faint|p1a: Gliscor
|
|upkeep
|
|t:|1711944633
|switch|p1a: Hoopa|Hoopa-Unbound|100/100
|turn|28
|
|t:|1711944642
|move|p1a: Hoopa|Dark Pulse|p2a: Thorny
|-damage|p2a: Thorny|25/100
|cant|p2a: Thorny|flinch
|
|upkeep
|turn|29
|
|t:|1711944646
|-zpower|p1a: Hoopa
|move|p1a: Hoopa|Shattered Psyche|p2a: Thorny|[zeffect]
|-resisted|p2a: Thorny
|-damage|p2a: Thorny|0 fnt
|faint|p2a: Thorny
|
|win|khgfdghjklkjhgf
