{"id":"gen9ru-2093301985","format":"[Gen 9] RU","players":["Daedra","LudocyelZ"],"log":"|j|\u2606Daedra\n|j|\u2606LudocyelZ\n|t:|1711936634\n|gametype|singles\n|player|p1|Daedra|delinquent|1331\n|player|p2|LudocyelZ|ltsurge|1191\n|teamsize|p1|6\n|teamsize|p2|6\n|gen|9\n|tier|[Gen 9] RU\n|rated|\n|rule|Species Clause: Limit one of each Pok\u00e9mon\n|rule|OHKO Clause: OHKO moves are banned\n|rule|Evasion Items Clause: Evasion items are banned\n|rule|Evasion Moves Clause: Evasion moves are banned\n|rule|Endless Battle Clause: Forcing endless battles is banned\n|rule|HP Percentage Mod: HP is shown in percentages\n|rule|Sleep Moves Clause: Sleep-inducing moves are banned\n|clearpoke\n|poke|p1|Thundurus-Therian, M|\n|poke|p1|Empoleon, F|\n|poke|p1|Zapdos-Galar|\n|poke|p1|Cyclizar, F|\n|poke|p1|Moltres|\n|poke|p1|Conkeldurr, M|\n|poke|p2|Grimmsnarl, M|\n|poke|p2|Necrozma|\n|poke|p2|Salamence, F|\n|poke|p2|Flygon, M|\n|poke|p2|Registeel|\n|poke|p2|Lilligant-Hisui, F|\n|teampreview\n|inactive|Battle timer is ON: inactive players will automatically lose when time's up. (requested by LudocyelZ)\n|\n|t:|1711936652\n|start\n|switch|p1a: Cyclizar|Cyclizar, F|100\/100\n|switch|p2a: Grimmsnarl|Grimmsnarl, M|100\/100\n|turn|1\n|\n|t:|1711936658\n|move|p1a: Cyclizar|U-turn|p2a: Grimmsnarl\n|-damage|p2a: Grimmsnarl|82\/100\n|\n|t:|1711936660\n|switch|p1a: Empoleon|Empoleon, F|100\/100|[from] U-turn\n|move|p2a: Grimmsnarl|Spirit Break|p1a: Empoleon\n|-resisted|p1a: Empoleon\n|-damage|p1a: Empoleon|86\/100\n|-unboost|p1a: Empoleon|spa|1\n|-ability|p1a: Empoleon|Competitive|boost\n|-boost|p1a: Empoleon|spa|2\n|\n|-heal|p1a: Empoleon|92\/100|[from] item: Leftovers\n|-heal|p2a: Grimmsnarl|88\/100|[from] item: Leftovers\n|upkeep\n|turn|2\n|\n|t:|1711936670\n|move|p2a: Grimmsnarl|Taunt|p1a: Empoleon\n|-start|p1a: Empoleon|move: Taunt\n|cant|p1a: Empoleon|move: Taunt|Stealth Rock\n|\n|-heal|p1a: Empoleon|98\/100|[from] item: Leftovers\n|-heal|p2a: Grimmsnarl|94\/100|[from] item: Leftovers\n|upkeep\n|turn|3\n|\n|t:|1711936679\n|move|p2a: Grimmsnarl|Parting Shot|p1a: Empoleon\n|-unboost|p1a: Empoleon|atk|1\n|-ability|p1a: Empoleon|Competitive|boost\n|-boost|p1a: Empoleon|spa|2\n|-unboost|p1a: Empoleon|spa|1\n|-ability|p1a: Empoleon|Competitive|boost\n|-boost|p1a: Empoleon|spa|2\n|\n|t:|1711936686\n|switch|p2a: Megatron|Registeel, shiny|100\/100|[from] Parting Shot\n|move|p1a: Empoleon|Flash Cannon|p2a: Megatron\n|-resisted|p2a: Megatron\n|-damage|p2a: Megatron|78\/100\n|\n|-heal|p1a: Empoleon|100\/100|[from] item: Leftovers\n|-heal|p2a: Megatron|84\/100|[from] item: Leftovers\n|upkeep\n|turn|4\n|\n|t:|1711936697\n|move|p1a: Empoleon|Surf|p2a: Megatron\n|-damage|p2a: Megatron|32\/100\n|move|p2a: Megatron|Iron Defense|p2a: Megatron\n|-boost|p2a: Megatron|def|2\n|\n|-heal|p2a: Megatron|38\/100|[from] item: Leftovers\n|-end|p1a: Empoleon|move: Taunt\n|upkeep\n|turn|5\n|\n|t:|1711936706\n|move|p1a: Empoleon|Surf|p2a: Megatron\n|-damage|p2a: Megatron|0 fnt\n|faint|p2a: Megatron\n|\n|upkeep\n|\n|t:|1711936711\n|switch|p2a: Flygon|Flygon, M|100\/100\n|turn|6\n|\n|t:|1711936715\n|move|p2a: Flygon|Earthquake|p1a: Empoleon\n|-supereffective|p1a: Empoleon\n|-damage|p1a: Empoleon|17\/100\n|move|p1a: Empoleon|Surf|p2a: Flygon\n|-crit|p2a: Flygon\n|-damage|p2a: Flygon|0 fnt\n|faint|p2a: Flygon\n|\n|-heal|p1a: Empoleon|23\/100|[from] item: Leftovers\n|upkeep\n|\n|t:|1711936725\n|switch|p2a: Lilligant|Lilligant-Hisui, F|100\/100\n|turn|7\n|\n|t:|1711936733\n|move|p2a: Lilligant|Victory Dance|p2a: Lilligant\n|-boost|p2a: Lilligant|atk|1\n|-boost|p2a: Lilligant|def|1\n|-boost|p2a: Lilligant|spe|1\n|move|p1a: Empoleon|Stealth Rock|p2a: Lilligant\n|-sidestart|p2: LudocyelZ|move: Stealth Rock\n|\n|-heal|p1a: Empoleon|29\/100|[from] item: Leftovers\n|upkeep\n|turn|8\n|\n|t:|1711936744\n|switch|p1a: Moltres|Moltres|100\/100\n|move|p2a: Lilligant|Victory Dance|p2a: Lilligant\n|-boost|p2a: Lilligant|atk|1\n|-boost|p2a: Lilligant|def|1\n|-boost|p2a: Lilligant|spe|1\n|\n|upkeep\n|turn|9\n|\n|t:|1711936750\n|-terastallize|p2a: Lilligant|Poison\n|move|p2a: Lilligant|Triple Axel|p1a: Moltres\n|-damage|p1a: Moltres|88\/100\n|-hitcount|p1a: Moltres|1\n|move|p1a: Moltres|Will-O-Wisp|p2a: Lilligant\n|-status|p2a: Lilligant|brn\n|\n|-damage|p2a: Lilligant|94\/100 brn|[from] brn\n|upkeep\n|turn|10\n|-message|LudocyelZ forfeited.\n|\n|win|Daedra\n|raw|Daedra's rating: 1331 &rarr; <strong>1343<\/strong><br \/>(+12 for winning)\n|raw|LudocyelZ's rating: 1191 &rarr; <strong>1176<\/strong><br \/>(-15 for losing)\n|l|\u2606LudocyelZ\n|player|p2|\n|c|\u2606Daedra|gg\n|l|\u2606Daedra\n|player|p1|\n","uploadtime":1711937096,"views":0,"formatid":"gen9ru","rating":1176,"private":0,"password":null}