{"id":"gen9ru-2093360938","format":"[Gen 9] RU","players":["VBix","datblackbattler"],"log":"|j|\u2606VBix\n|j|\u2606datblackbattler\n|t:|1711944477\n|gametype|singles\n|player|p1|VBix|2|1206\n|player|p2|datblackbattler|2|1514\n|teamsize|p1|6\n|teamsize|p2|6\n|gen|9\n|tier|[Gen 9] RU\n|rated|\n|rule|Species Clause: Limit one of each Pok\u00e9mon\n|rule|OHKO Clause: OHKO moves are banned\n|rule|Evasion Items Clause: Evasion items are banned\n|rule|Evasion Moves Clause: Evasion moves are banned\n|rule|Endless Battle Clause: Forcing endless battles is banned\n|rule|HP Percentage Mod: HP is shown in percentages\n|rule|Sleep Moves Clause: Sleep-inducing moves are banned\n|clearpoke\n|poke|p1|Galvantula, F|\n|poke|p1|Magnezone|\n|poke|p1|Entei|\n|poke|p1|Staraptor, F|\n|poke|p1|Gardevoir, M|\n|poke|p1|Basculegion, M|\n|poke|p2|Necrozma|\n|poke|p2|Cetitan, F|\n|poke|p2|Gengar, F|\n|poke|p2|Maushold|\n|poke|p2|Magnezone|\n|poke|p2|Forretress, F|\n|teampreview\n|\n|t:|1711944520\n|start\n|switch|p1a: Entei|Entei|100\/100\n|switch|p2a: Maushold|Maushold|100\/100\n|turn|1\n|\n|t:|1711944526\n|switch|p1a: Basculegion|Basculegion, M|100\/100\n|move|p2a: Maushold|Population Bomb|p1a: Basculegion\n|-immune|p1a: Basculegion\n|\n|upkeep\n|turn|2\n|\n|t:|1711944551\n|switch|p2a: Forretress|Forretress, F|100\/100\n|move|p1a: Basculegion|Flip Turn|p2a: Forretress\n|-damage|p2a: Forretress|65\/100\n|\n|t:|1711944565\n|switch|p1a: Entei|Entei|100\/100|[from] Flip Turn\n|\n|upkeep\n|turn|3\n|\n|t:|1711944571\n|move|p1a: Entei|Sacred Fire|p2a: Forretress\n|-supereffective|p2a: Forretress\n|-damage|p2a: Forretress|0 fnt\n|faint|p2a: Forretress\n|\n|upkeep\n|\n|t:|1711944573\n|switch|p2a: Maushold|Maushold|100\/100\n|turn|4\n|\n|t:|1711944576\n|move|p2a: Maushold|Tidy Up|p2a: Maushold\n|-boost|p2a: Maushold|atk|1\n|-boost|p2a: Maushold|spe|1\n|move|p1a: Entei|Sacred Fire|p2a: Maushold\n|-damage|p2a: Maushold|0 fnt\n|faint|p2a: Maushold\n|\n|upkeep\n|\n|t:|1711944583\n|switch|p2a: Necrozma|Necrozma|100\/100\n|turn|5\n|\n|t:|1711944589\n|move|p1a: Entei|Sacred Fire|p2a: Necrozma\n|-damage|p2a: Necrozma|46\/100\n|move|p2a: Necrozma|Photon Geyser|p1a: Entei\n|-damage|p1a: Entei|50\/100\n|\n|-heal|p2a: Necrozma|52\/100|[from] item: Leftovers\n|upkeep\n|turn|6\n|\n|t:|1711944594\n|move|p1a: Entei|Sacred Fire|p2a: Necrozma\n|-damage|p2a: Necrozma|0 fnt\n|faint|p2a: Necrozma\n|\n|upkeep\n|\n|t:|1711944598\n|switch|p2a: Gengar|Gengar, F|100\/100\n|turn|7\n|\n|t:|1711944604\n|switch|p1a: Staraptor|Staraptor, F|100\/100\n|move|p2a: Gengar|Sludge Wave|p1a: Staraptor\n|-damage|p1a: Staraptor|13\/100\n|\n|upkeep\n|turn|8\n|\n|t:|1711944612\n|switch|p2a: Magnezone|Magnezone|100\/100\n|move|p1a: Staraptor|Brave Bird|p2a: Magnezone\n|-resisted|p2a: Magnezone\n|-damage|p2a: Magnezone|67\/100\n|-damage|p1a: Staraptor|3\/100|[from] Recoil\n|\n|upkeep\n|turn|9\n|\n|t:|1711944619\n|move|p1a: Staraptor|Brave Bird|p2a: Magnezone\n|-resisted|p2a: Magnezone\n|-damage|p2a: Magnezone|33\/100\n|-damage|p1a: Staraptor|0 fnt|[from] Recoil\n|faint|p1a: Staraptor\n|move|p2a: Magnezone|Volt Switch|p1: Staraptor|[notarget]\n|-fail|p2a: Magnezone\n|\n|upkeep\n|\n|t:|1711944623\n|switch|p1a: Galvantula|Galvantula, F|100\/100\n|turn|10\n|\n|t:|1711944627\n|move|p1a: Galvantula|Sticky Web|p2a: Magnezone\n|-sidestart|p2: datblackbattler|move: Sticky Web\n|move|p2a: Magnezone|Volt Switch|p1a: Galvantula\n|-resisted|p1a: Galvantula\n|-damage|p1a: Galvantula|49\/100\n|\n|t:|1711944629\n|switch|p2a: Gengar|Gengar, F|100\/100|[from] Volt Switch\n|\n|upkeep\n|turn|11\n|\n|t:|1711944632\n|move|p2a: Gengar|Shadow Ball|p1a: Galvantula\n|-damage|p1a: Galvantula|0 fnt\n|faint|p1a: Galvantula\n|\n|upkeep\n|\n|t:|1711944640\n|switch|p1a: Gardevoir|Gardevoir, M|100\/100\n|-ability|p1a: Gardevoir|Cursed Body|[from] ability: Trace|[of] p2a: Gengar\n|turn|12\n|\n|t:|1711944659\n|-terastallize|p2a: Gengar|Normal\n|move|p1a: Gardevoir|Psyshock|p2a: Gengar\n|-damage|p2a: Gengar|8\/100\n|move|p2a: Gengar|Sludge Wave|p1a: Gardevoir\n|-supereffective|p1a: Gardevoir\n|-damage|p1a: Gardevoir|1\/100\n|-start|p2a: Gengar|Disable|Sludge Wave|[from] ability: Cursed Body|[of] p1a: Gardevoir\n|\n|upkeep\n|turn|13\n|\n|t:|1711944672\n|switch|p2a: Magnezone|Magnezone|33\/100\n|-activate|p2a: Magnezone|move: Sticky Web\n|-unboost|p2a: Magnezone|spe|1\n|move|p1a: Gardevoir|Psyshock|p2a: Magnezone\n|-resisted|p2a: Magnezone\n|-damage|p2a: Magnezone|10\/100\n|\n|upkeep\n|turn|14\n|\n|t:|1711944676\n|move|p1a: Gardevoir|Psyshock|p2a: Magnezone\n|-resisted|p2a: Magnezone\n|-damage|p2a: Magnezone|0 fnt\n|faint|p2a: Magnezone\n|\n|upkeep\n|\n|t:|1711944678\n|switch|p2a: Cetitan|Cetitan, F|100\/100\n|-activate|p2a: Cetitan|move: Sticky Web\n|-unboost|p2a: Cetitan|spe|1\n|turn|15\n|\n|t:|1711944685\n|move|p2a: Cetitan|Ice Shard|p1a: Gardevoir\n|-damage|p1a: Gardevoir|0 fnt\n|faint|p1a: Gardevoir\n|\n|upkeep\n|\n|t:|1711944688\n|switch|p1a: Magnezone|Magnezone|100\/100\n|turn|16\n|\n|t:|1711944691\n|move|p1a: Magnezone|Flash Cannon|p2a: Cetitan\n|-supereffective|p2a: Cetitan\n|-damage|p2a: Cetitan|0 fnt\n|faint|p2a: Cetitan\n|\n|upkeep\n|\n|t:|1711944695\n|switch|p2a: Gengar|Gengar, F, tera:Normal|8\/100\n|turn|17\n|\n|t:|1711944701\n|move|p2a: Gengar|Shadow Ball|p1a: Magnezone\n|-damage|p1a: Magnezone|46\/100\n|-unboost|p1a: Magnezone|spd|1\n|move|p1a: Magnezone|Flash Cannon|p2a: Gengar\n|-damage|p2a: Gengar|0 fnt\n|faint|p2a: Gengar\n|\n|win|VBix\n|raw|VBix's rating: 1206 &rarr; <strong>1249<\/strong><br \/>(+43 for winning)\n|raw|datblackbattler's rating: 1514 &rarr; <strong>1480<\/strong><br \/>(-34 for losing)\n|l|\u2606datblackbattler\n|player|p2|\n|l|\u2606VBix\n|player|p1|\n","uploadtime":1711945002,"views":6,"formatid":"gen9ru","rating":1249,"private":0,"password":null}