|j|☆Pacharaka
|j|☆IsaiahxKillua
|t:|1711939031
|gametype|singles
|player|p1|Pacharaka|alder|1014
|player|p2|IsaiahxKillua|170|1056
|teamsize|p1|6
|teamsize|p2|6
|gen|9
|tier|[Gen 9] RU
|rated|
|rule|Species Clause: Limit one of each Pokémon
|rule|OHKO Clause: OHKO moves are banned
|rule|Evasion Items Clause: Evasion items are banned
|rule|Evasion Moves Clause: Evasion moves are banned
|rule|Endless Battle Clause: Forcing endless battles is banned
|rule|HP Percentage Mod: HP is shown in percentages
|rule|Sleep Moves Clause: Sleep-inducing moves are banned
|clearpoke
|poke|p1|Basculegion, M|
|poke|p1|Gallade, M|
|poke|p1|Delphox, F|
|poke|p1|Regidrago|
|poke|p1|Magnezone|
|poke|p1|Coalossal, F|
|poke|p2|Conkeldurr, M|
|poke|p2|Azelf|
|poke|p2|Ambipom, M|
|poke|p2|Gardevoir, M|
|poke|p2|Kleavor, M|
|poke|p2|Forretress, M|
|teampreview
|
|t:|1711939053
|start
|switch|p1a: Coalossal|Coalossal, F|100/100
|switch|p2a: Conkeldurr|Conkeldurr, M|100/100
|turn|1
|
|t:|1711939074
|move|p2a: Conkeldurr|Ice Punch|p1a: Coalossal
|-resisted|p1a: Coalossal
|-damage|p1a: Coalossal|90/100
|-status|p1a: Coalossal|frz
|-damage|p2a: Conkeldurr|84/100|[from] item: Rocky Helmet|[of] p1a: Coalossal
|-curestatus|p1a: Coalossal|frz|[msg]
|move|p1a: Coalossal|Stealth Rock|p2a: Conkeldurr
|-sidestart|p2: IsaiahxKillua|move: Stealth Rock
|
|upkeep
|turn|2
|
|t:|1711939096
|move|p2a: Conkeldurr|Drain Punch|p1a: Coalossal
|-supereffective|p1a: Coalossal
|-damage|p1a: Coalossal|26/100
|-heal|p2a: Conkeldurr|100/100|[from] drain|[of] p1a: Coalossal
|-damage|p2a: Conkeldurr|84/100|[from] item: Rocky Helmet|[of] p1a: Coalossal
|move|p1a: Coalossal|Will-O-Wisp|p2a: Conkeldurr
|-status|p2a: Conkeldurr|brn
|
|-damage|p2a: Conkeldurr|78/100 brn|[from] brn
|upkeep
|turn|3
|
|t:|1711939109
|switch|p1a: Basculegion|Basculegion, M, shiny|100/100
|move|p2a: Conkeldurr|Ice Punch|p1a: Basculegion
|-resisted|p1a: Basculegion
|-damage|p1a: Basculegion|87/100
|-status|p1a: Basculegion|frz
|
|-damage|p2a: Conkeldurr|72/100 brn|[from] brn
|upkeep
|turn|4
|
|t:|1711939121
|cant|p1a: Basculegion|frz
|move|p2a: Conkeldurr|Thunder Punch|p1a: Basculegion
|-supereffective|p1a: Basculegion
|-damage|p1a: Basculegion|36/100 frz
|
|-damage|p2a: Conkeldurr|66/100 brn|[from] brn
|upkeep
|turn|5
|
|t:|1711939128
|cant|p1a: Basculegion|frz
|move|p2a: Conkeldurr|Thunder Punch|p1a: Basculegion
|-supereffective|p1a: Basculegion
|-damage|p1a: Basculegion|0 fnt
|faint|p1a: Basculegion
|
|-damage|p2a: Conkeldurr|60/100 brn|[from] brn
|upkeep
|
|t:|1711939165
|switch|p1a: Gallade|Gallade, M, shiny|100/100
|turn|6
|
|t:|1711939177
|move|p1a: Gallade|Leaf Blade|p2a: Conkeldurr
|-damage|p2a: Conkeldurr|14/100 brn
|move|p2a: Conkeldurr|Drain Punch|p1a: Gallade
|-resisted|p1a: Gallade
|-damage|p1a: Gallade|73/100
|-heal|p2a: Conkeldurr|23/100 brn|[from] drain|[of] p1a: Gallade
|
|-damage|p2a: Conkeldurr|17/100 brn|[from] brn
|upkeep
|turn|7
|
|t:|1711939186
|move|p2a: Conkeldurr|Mach Punch|p1a: Gallade
|-resisted|p1a: Gallade
|-damage|p1a: Gallade|58/100
|move|p1a: Gallade|Leaf Blade|p2a: Conkeldurr
|-damage|p2a: Conkeldurr|0 fnt
|faint|p2a: Conkeldurr
|
|upkeep
|
|t:|1711939195
|switch|p2a: Ambipom|Ambipom, M|100/100
|-damage|p2a: Ambipom|88/100|[from] Stealth Rock
|turn|8
|
|t:|1711939201
|switch|p1a: Coalossal|Coalossal, F|26/100
|move|p2a: Ambipom|Acrobatics|p1a: Coalossal
|-resisted|p1a: Coalossal
|-damage|p1a: Coalossal|19/100
|-damage|p2a: Ambipom|72/100|[from] item: Rocky Helmet|[of] p1a: Coalossal
|-status|p2a: Ambipom|brn|[from] ability: Flame Body|[of] p1a: Coalossal
|-damage|p2a: Ambipom|62/100 brn|[from] item: Life Orb
|
|-damage|p2a: Ambipom|55/100 brn|[from] brn
|upkeep
|turn|9
|
|t:|1711939232
|switch|p1a: Magnezone|Magnezone|100/100
|move|p2a: Ambipom|Triple Axel|p1a: Magnezone
|-resisted|p1a: Magnezone
|-damage|p1a: Magnezone|98/100
|-resisted|p1a: Magnezone
|-damage|p1a: Magnezone|93/100
|-resisted|p1a: Magnezone
|-damage|p1a: Magnezone|87/100
|-hitcount|p1a: Magnezone|3
|-damage|p2a: Ambipom|46/100 brn|[from] item: Life Orb
|
|-damage|p2a: Ambipom|39/100 brn|[from] brn
|upkeep
|turn|10
|
|t:|1711939251
|move|p2a: Ambipom|Triple Axel|p1a: Magnezone
|-resisted|p1a: Magnezone
|-damage|p1a: Magnezone|84/100
|-resisted|p1a: Magnezone
|-damage|p1a: Magnezone|79/100
|-resisted|p1a: Magnezone
|-damage|p1a: Magnezone|71/100
|-hitcount|p1a: Magnezone|3
|-damage|p2a: Ambipom|29/100 brn|[from] item: Life Orb
|move|p1a: Magnezone|Discharge|p2a: Ambipom
|-damage|p2a: Ambipom|0 fnt
|faint|p2a: Ambipom
|
|upkeep
|
|t:|1711939266
|switch|p2a: Azelf|Azelf|100/100
|-damage|p2a: Azelf|88/100|[from] Stealth Rock
|turn|11
|
|t:|1711939273
|move|p2a: Azelf|Fire Blast|p1a: Magnezone
|-supereffective|p1a: Magnezone
|-damage|p1a: Magnezone|0 fnt
|faint|p1a: Magnezone
|
|upkeep
|
|t:|1711939296
|switch|p1a: Delphox|Delphox, F, shiny|100/100
|turn|12
|
|t:|1711939305
|switch|p2a: Gardevoir|Gardevoir, M|100/100
|-damage|p2a: Gardevoir|88/100|[from] Stealth Rock
|-ability|p2a: Gardevoir|Blaze|[from] ability: Trace|[of] p1a: Delphox
|move|p1a: Delphox|Flamethrower|p2a: Gardevoir
|-damage|p2a: Gardevoir|17/100
|
|upkeep
|turn|13
|
|t:|1711939334
|move|p2a: Gardevoir|Psychic|p1a: Delphox
|-resisted|p1a: Delphox
|-damage|p1a: Delphox|73/100
|move|p1a: Delphox|Flamethrower|p2a: Gardevoir
|-damage|p2a: Gardevoir|0 fnt
|faint|p2a: Gardevoir
|
|upkeep
|
|t:|1711939344
|switch|p2a: Kleavor|Kleavor, M|100/100
|-damage|p2a: Kleavor|76/100|[from] Stealth Rock
|turn|14
|
|t:|1711939352
|move|p1a: Delphox|Flamethrower|p2a: Kleavor
|-crit|p2a: Kleavor
|-damage|p2a: Kleavor|0 fnt
|faint|p2a: Kleavor
|
|upkeep
|
|t:|1711939356
|switch|p2a: Azelf|Azelf|88/100
|-damage|p2a: Azelf|76/100|[from] Stealth Rock
|turn|15
|
|t:|1711939374
|-terastallize|p2a: Azelf|Psychic
|move|p2a: Azelf|Psychic|p1a: Delphox
|-resisted|p1a: Delphox
|-damage|p1a: Delphox|23/100
|move|p1a: Delphox|Flamethrower|p2a: Azelf
|-damage|p2a: Azelf|0 fnt
|faint|p2a: Azelf
|
|upkeep
|
|t:|1711939382
|switch|p2a: Forretress|Forretress, M|100/100
|-damage|p2a: Forretress|88/100|[from] Stealth Rock
|turn|16
|
|t:|1711939386
|move|p1a: Delphox|Flamethrower|p2a: Forretress
|-supereffective|p2a: Forretress
|-damage|p2a: Forretress|0 fnt
|faint|p2a: Forretress
|
|win|Pacharaka
|raw|Pacharaka's rating: 1014 &rarr; <strong>1056</strong><br />(+42 for winning)
|raw|IsaiahxKillua's rating: 1056 &rarr; <strong>1035</strong><br />(-21 for losing)
|l|☆IsaiahxKillua
|player|p2|
