{"id":"gen9ru-2093302480","format":"[Gen 9] RU","players":["Tapatio707","GateKeeper5"],"log":"|j|\u203dTapatio707\n|j|\u2606GateKeeper5\n|t:|1711936695\n|gametype|singles\n|player|p1|Tapatio707|266|1203\n|player|p2|GateKeeper5|hilbert|1195\n|teamsize|p1|6\n|teamsize|p2|6\n|gen|9\n|tier|[Gen 9] RU\n|rated|\n|rule|Species Clause: Limit one of each Pok\u00e9mon\n|rule|OHKO Clause: OHKO moves are banned\n|rule|Evasion Items Clause: Evasion items are banned\n|rule|Evasion Moves Clause: Evasion moves are banned\n|rule|Endless Battle Clause: Forcing endless battles is banned\n|rule|HP Percentage Mod: HP is shown in percentages\n|rule|Sleep Moves Clause: Sleep-inducing moves are banned\n|clearpoke\n|poke|p1|Rampardos, F|\n|poke|p1|Farigiraf, M|\n|poke|p1|Exeggutor-Alola, F|\n|poke|p1|Diancie|\n|poke|p1|Crawdaunt, M|\n|poke|p1|Golurk|\n|poke|p2|Gengar, M|\n|poke|p2|Cobalion|\n|poke|p2|Conkeldurr, M|\n|poke|p2|Salamence, F|\n|poke|p2|Cinccino, F|\n|poke|p2|Entei|\n|teampreview\n|inactive|Battle timer is ON: inactive players will automatically lose when time's up. (requested by Tapatio707)\n|\n|t:|1711936726\n|start\n|switch|p1a: Diancie|Diancie|100\/100\n|switch|p2a: Conkeldurr|Conkeldurr, M|100\/100\n|turn|1\n|\n|t:|1711936736\n|move|p2a: Conkeldurr|Close Combat|p1a: Diancie\n|-damage|p1a: Diancie|58\/100\n|-unboost|p2a: Conkeldurr|def|1\n|-unboost|p2a: Conkeldurr|spd|1\n|move|p1a: Diancie|Stealth Rock|p2a: Conkeldurr\n|-sidestart|p2: GateKeeper5|move: Stealth Rock\n|\n|-status|p2a: Conkeldurr|brn|[from] item: Flame Orb\n|upkeep\n|turn|2\n|\n|t:|1711936745\n|move|p2a: Conkeldurr|Close Combat|p1a: Diancie\n|-crit|p1a: Diancie\n|-damage|p1a: Diancie|0 fnt\n|-unboost|p2a: Conkeldurr|def|1\n|-unboost|p2a: Conkeldurr|spd|1\n|faint|p1a: Diancie\n|\n|-damage|p2a: Conkeldurr|94\/100 brn|[from] brn\n|upkeep\n|\n|t:|1711936754\n|switch|p1a: Exeggutor|Exeggutor-Alola, F|100\/100\n|-item|p2a: Conkeldurr|Flame Orb|[from] ability: Frisk|[of] p1a: Exeggutor|[identify]\n|turn|3\n|inactive|GateKeeper5 has 120 seconds left.\n|\n|t:|1711936788\n|switch|p2a: Cobalion|Cobalion|100\/100\n|-damage|p2a: Cobalion|97\/100|[from] Stealth Rock\n|move|p1a: Exeggutor|Trick Room|p1a: Exeggutor\n|-fieldstart|move: Trick Room|[of] p1a: Exeggutor\n|\n|-heal|p2a: Cobalion|100\/100|[from] item: Leftovers\n|upkeep\n|turn|4\n|inactive|GateKeeper5 has 120 seconds left.\n|\n|t:|1711936799\n|move|p1a: Exeggutor|Flamethrower|p2a: Cobalion\n|-supereffective|p2a: Cobalion\n|-damage|p2a: Cobalion|23\/100\n|move|p2a: Cobalion|Thunder Wave|p1a: Exeggutor|[miss]\n|-miss|p2a: Cobalion|p1a: Exeggutor\n|\n|-heal|p2a: Cobalion|30\/100|[from] item: Leftovers\n|upkeep\n|turn|5\n|\n|t:|1711936808\n|move|p1a: Exeggutor|Flamethrower|p2a: Cobalion\n|-supereffective|p2a: Cobalion\n|-damage|p2a: Cobalion|0 fnt\n|faint|p2a: Cobalion\n|\n|upkeep\n|inactive|GateKeeper5 has 120 seconds left.\n|\n|t:|1711936819\n|switch|p2a: Entei|Entei|100\/100\n|-damage|p2a: Entei|76\/100|[from] Stealth Rock\n|turn|6\n|\n|t:|1711936824\n|move|p2a: Entei|Extreme Speed|p1a: Exeggutor\n|-damage|p1a: Exeggutor|59\/100\n|move|p1a: Exeggutor|Draco Meteor|p2a: Entei\n|-damage|p2a: Entei|0 fnt\n|-unboost|p1a: Exeggutor|spa|2\n|-enditem|p1a: Exeggutor|Eject Pack\n|faint|p2a: Entei\n|\n|t:|1711936828\n|switch|p1a: Rampardos|Rampardos, F, shiny|100\/100\n|\n|upkeep\n|\n|t:|1711936840\n|switch|p2a: Salamence|Salamence, F|100\/100\n|-damage|p2a: Salamence|76\/100|[from] Stealth Rock\n|-ability|p2a: Salamence|Intimidate|boost\n|-unboost|p1a: Rampardos|atk|1\n|turn|7\n|\n|t:|1711936846\n|move|p1a: Rampardos|Rock Slide|p2a: Salamence\n|-supereffective|p2a: Salamence\n|-damage|p2a: Salamence|0 fnt\n|faint|p2a: Salamence\n|\n|-fieldend|move: Trick Room\n|upkeep\n|\n|t:|1711936859\n|switch|p2a: Cinccino|Cinccino, F|100\/100\n|turn|8\n|\n|t:|1711936866\n|move|p2a: Cinccino|Tidy Up|p2a: Cinccino\n|-sideend|p2: GateKeeper5|Stealth Rock\n|-activate|p2a: Cinccino|move: Tidy Up\n|-boost|p2a: Cinccino|atk|1\n|-boost|p2a: Cinccino|spe|1\n|move|p1a: Rampardos|Rock Slide|p2a: Cinccino|[miss]\n|-miss|p1a: Rampardos|p2a: Cinccino\n|\n|upkeep\n|turn|9\n|\n|t:|1711936882\n|move|p2a: Cinccino|Rock Blast|p1a: Rampardos\n|-damage|p1a: Rampardos|87\/100\n|-damage|p1a: Rampardos|75\/100\n|-damage|p1a: Rampardos|62\/100\n|-damage|p1a: Rampardos|48\/100\n|-damage|p1a: Rampardos|35\/100\n|-hitcount|p1a: Rampardos|5\n|move|p1a: Rampardos|Rock Slide|p2a: Cinccino\n|-damage|p2a: Cinccino|0 fnt\n|faint|p2a: Cinccino\n|\n|upkeep\n|\n|t:|1711936894\n|switch|p2a: Conkeldurr|Conkeldurr, M|94\/100 brn\n|turn|10\n|\n|t:|1711936899\n|move|p2a: Conkeldurr|Mach Punch|p1a: Rampardos\n|-supereffective|p1a: Rampardos\n|-damage|p1a: Rampardos|0 fnt\n|faint|p1a: Rampardos\n|\n|-damage|p2a: Conkeldurr|88\/100 brn|[from] brn\n|upkeep\n|\n|t:|1711936907\n|switch|p1a: Farigiraf|Farigiraf, M|100\/100\n|turn|11\n|\n|t:|1711936912\n|-terastallize|p1a: Farigiraf|Fire\n|move|p2a: Conkeldurr|Knock Off|p1a: Farigiraf\n|-damage|p1a: Farigiraf|39\/100\n|-enditem|p1a: Farigiraf|Leftovers|[from] move: Knock Off|[of] p2a: Conkeldurr\n|move|p1a: Farigiraf|Trick Room|p1a: Farigiraf\n|-fieldstart|move: Trick Room|[of] p1a: Farigiraf\n|\n|-damage|p2a: Conkeldurr|82\/100 brn|[from] brn\n|upkeep\n|turn|12\n|\n|t:|1711936921\n|move|p2a: Conkeldurr|Mach Punch|p1a: Farigiraf\n|-damage|p1a: Farigiraf|0 fnt\n|faint|p1a: Farigiraf\n|\n|-damage|p2a: Conkeldurr|75\/100 brn|[from] brn\n|upkeep\n|\n|t:|1711936934\n|switch|p1a: Golurk|Golurk|100\/100\n|turn|13\n|\n|t:|1711936949\n|switch|p2a: Gengar|Gengar, M|100\/100\n|move|p1a: Golurk|Poltergeist|p2a: Gengar\n|-activate|p2a: Gengar|move: Poltergeist|Choice Scarf\n|-supereffective|p2a: Gengar\n|-damage|p2a: Gengar|0 fnt\n|-start|p1a: Golurk|Disable|Poltergeist|[from] ability: Cursed Body|[of] p2a: Gengar\n|faint|p2a: Gengar\n|\n|upkeep\n|\n|t:|1711936957\n|switch|p2a: Conkeldurr|Conkeldurr, M|75\/100 brn\n|turn|14\n|\n|t:|1711936964\n|switch|p1a: Exeggutor|Exeggutor-Alola, F|59\/100\n|-item|p2a: Conkeldurr|Flame Orb|[from] ability: Frisk|[of] p1a: Exeggutor|[identify]\n|move|p2a: Conkeldurr|Knock Off|p1a: Exeggutor\n|-damage|p1a: Exeggutor|19\/100\n|\n|-damage|p2a: Conkeldurr|69\/100 brn|[from] brn\n|upkeep\n|turn|15\n|\n|t:|1711936972\n|move|p2a: Conkeldurr|Mach Punch|p1a: Exeggutor\n|-damage|p1a: Exeggutor|0 fnt\n|faint|p1a: Exeggutor\n|\n|-damage|p2a: Conkeldurr|63\/100 brn|[from] brn\n|-fieldend|move: Trick Room\n|upkeep\n|\n|t:|1711936976\n|switch|p1a: Golurk|Golurk|100\/100\n|turn|16\n|\n|t:|1711936980\n|move|p2a: Conkeldurr|Knock Off|p1a: Golurk\n|-supereffective|p1a: Golurk\n|-damage|p1a: Golurk|0 fnt\n|-enditem|p1a: Golurk|Choice Band|[from] move: Knock Off|[of] p2a: Conkeldurr\n|faint|p1a: Golurk\n|\n|-damage|p2a: Conkeldurr|57\/100 brn|[from] brn\n|upkeep\n|-message|Tapatio707 forfeited.\n|\n|win|GateKeeper5\n|raw|Tapatio707's rating: 1203 &rarr; <strong>1177<\/strong><br \/>(-26 for losing)\n|raw|GateKeeper5's rating: 1195 &rarr; <strong>1221<\/strong><br \/>(+26 for winning)\n|l|\u203dTapatio707\n|player|p1|\n|l|\u2606GateKeeper5\n|player|p2|\n","uploadtime":1711937366,"views":0,"formatid":"gen9ru","rating":1177,"private":0,"password":null}