{"id":"gen9ru-2093359355","format":"[Gen 9] RU","players":["FuzzyJu","SquidSpring"],"log":"|j|\u2606FuzzyJu\n|j|\u2606SquidSpring\n|t:|1711944248\n|gametype|singles\n|player|p1|FuzzyJu|clerk-boss|1000\n|player|p2|SquidSpring|iono|1121\n|teamsize|p1|6\n|teamsize|p2|6\n|gen|9\n|tier|[Gen 9] RU\n|rated|\n|rule|Species Clause: Limit one of each Pok\u00e9mon\n|rule|OHKO Clause: OHKO moves are banned\n|rule|Evasion Items Clause: Evasion items are banned\n|rule|Evasion Moves Clause: Evasion moves are banned\n|rule|Endless Battle Clause: Forcing endless battles is banned\n|rule|HP Percentage Mod: HP is shown in percentages\n|rule|Sleep Moves Clause: Sleep-inducing moves are banned\n|clearpoke\n|poke|p1|Feraligatr, M|\n|poke|p1|Pikachu, M|\n|poke|p1|Entei|\n|poke|p1|Muk-Alola, M|\n|poke|p1|Moltres|\n|poke|p1|Espeon, F|\n|poke|p2|Zapdos-Galar|\n|poke|p2|Suicune|\n|poke|p2|Enamorus-Therian, F|\n|poke|p2|Breloom, F|\n|poke|p2|Zoroark-Hisui, M|\n|poke|p2|Mimikyu, F|\n|teampreview\n|inactive|Battle timer is ON: inactive players will automatically lose when time's up. (requested by FuzzyJu)\n|c|\u2606SquidSpring|glhf\n|\n|t:|1711944269\n|start\n|switch|p1a: Pikachu|Pikachu, M|100\/100\n|switch|p2a: Zapdos|Zapdos-Galar|100\/100\n|turn|1\n|\n|t:|1711944278\n|switch|p1a: Moltres|Moltres|100\/100\n|move|p2a: Zapdos|Substitute|p2a: Zapdos\n|-start|p2a: Zapdos|Substitute\n|-damage|p2a: Zapdos|76\/100\n|\n|upkeep\n|turn|2\n|\n|t:|1711944283\n|move|p2a: Zapdos|Nasty Plot|p2a: Zapdos\n|-boost|p2a: Zapdos|spa|2\n|move|p1a: Moltres|Air Slash|p2a: Zapdos\n|-end|p2a: Zapdos|Substitute\n|\n|upkeep\n|turn|3\n|\n|t:|1711944294\n|switch|p1a: Muk|Muk-Alola, M|100\/100\n|move|p2a: Zapdos|Hyper Voice|p1a: Muk\n|-damage|p1a: Muk|54\/100\n|\n|upkeep\n|turn|4\n|\n|t:|1711944308\n|move|p2a: Zapdos|Substitute|p2a: Zapdos\n|-start|p2a: Zapdos|Substitute\n|-damage|p2a: Zapdos|51\/100\n|move|p1a: Muk|Knock Off|p2a: Zapdos\n|-supereffective|p2a: Zapdos\n|-end|p2a: Zapdos|Substitute\n|\n|upkeep\n|turn|5\n|\n|t:|1711944315\n|move|p2a: Zapdos|Hyper Voice|p1a: Muk\n|-damage|p1a: Muk|5\/100\n|move|p1a: Muk|Knock Off|p2a: Zapdos\n|-supereffective|p2a: Zapdos\n|-damage|p2a: Zapdos|0 fnt\n|replace|p2a: Zoroark|Zoroark-Hisui, M\n|-end|p2a: Zoroark|Illusion\n|-enditem|p2a: Zoroark|Heavy-Duty Boots|[from] move: Knock Off|[of] p1a: Muk\n|faint|p2a: Zoroark\n|\n|upkeep\n|\n|t:|1711944328\n|switch|p2a: Zapdos|Zapdos-Galar|100\/100\n|turn|6\n|\n|t:|1711944333\n|move|p2a: Zapdos|Substitute|p2a: Zapdos\n|-start|p2a: Zapdos|Substitute\n|-damage|p2a: Zapdos|76\/100\n|move|p1a: Muk|Knock Off|p2a: Zapdos\n|-resisted|p2a: Zapdos\n|-end|p2a: Zapdos|Substitute\n|\n|-heal|p2a: Zapdos|82\/100|[from] item: Leftovers\n|upkeep\n|turn|7\n|\n|t:|1711944338\n|move|p2a: Zapdos|Drill Peck|p1a: Muk\n|-damage|p1a: Muk|0 fnt\n|faint|p1a: Muk\n|\n|-heal|p2a: Zapdos|88\/100|[from] item: Leftovers\n|upkeep\n|\n|t:|1711944346\n|switch|p1a: Espeon|Espeon, F|100\/100\n|turn|8\n|\n|t:|1711944352\n|-terastallize|p2a: Zapdos|Steel\n|move|p1a: Espeon|Psychic|p2a: Zapdos\n|-resisted|p2a: Zapdos\n|-damage|p2a: Zapdos|45\/100\n|move|p2a: Zapdos|Substitute|p2a: Zapdos\n|-start|p2a: Zapdos|Substitute\n|-damage|p2a: Zapdos|20\/100\n|\n|-heal|p2a: Zapdos|27\/100|[from] item: Leftovers\n|upkeep\n|turn|9\n|\n|t:|1711944366\n|switch|p1a: Moltres|Moltres|100\/100\n|move|p2a: Zapdos|Drill Peck|p1a: Moltres\n|-damage|p1a: Moltres|72\/100\n|-status|p2a: Zapdos|brn|[from] ability: Flame Body|[of] p1a: Moltres\n|\n|-heal|p2a: Zapdos|33\/100 brn|[from] item: Leftovers\n|-damage|p2a: Zapdos|27\/100 brn|[from] brn\n|upkeep\n|turn|10\n|\n|t:|1711944370\n|move|p2a: Zapdos|Thunderous Kick|p1a: Moltres\n|-resisted|p1a: Moltres\n|-damage|p1a: Moltres|64\/100\n|-unboost|p1a: Moltres|def|1\n|move|p1a: Moltres|Flamethrower|p2a: Zapdos\n|-supereffective|p2a: Zapdos\n|-end|p2a: Zapdos|Substitute\n|\n|-heal|p2a: Zapdos|33\/100 brn|[from] item: Leftovers\n|-damage|p2a: Zapdos|27\/100 brn|[from] brn\n|upkeep\n|turn|11\n|\n|t:|1711944380\n|move|p2a: Zapdos|Drill Peck|p1a: Moltres\n|-damage|p1a: Moltres|42\/100\n|move|p1a: Moltres|Flamethrower|p2a: Zapdos\n|-supereffective|p2a: Zapdos\n|-damage|p2a: Zapdos|0 fnt\n|faint|p2a: Zapdos\n|\n|upkeep\n|\n|t:|1711944393\n|switch|p2a: Enamorus|Enamorus-Therian, F|100\/100\n|turn|12\n|\n|t:|1711944397\n|move|p1a: Moltres|U-turn|p2a: Enamorus\n|-resisted|p2a: Enamorus\n|-damage|p2a: Enamorus|97\/100\n|\n|t:|1711944401\n|switch|p1a: Espeon|Espeon, F|100\/100|[from] U-turn\n|move|p2a: Enamorus|Substitute|p2a: Enamorus\n|-start|p2a: Enamorus|Substitute\n|-damage|p2a: Enamorus|72\/100\n|\n|-heal|p2a: Enamorus|78\/100|[from] item: Leftovers\n|upkeep\n|turn|13\n|\n|t:|1711944411\n|move|p1a: Espeon|Trick||[still]\n|-fail|p1a: Espeon\n|move|p2a: Enamorus|Calm Mind|p2a: Enamorus\n|-boost|p2a: Enamorus|spa|1\n|-boost|p2a: Enamorus|spd|1\n|\n|-heal|p2a: Enamorus|84\/100|[from] item: Leftovers\n|upkeep\n|turn|14\n|\n|t:|1711944415\n|move|p1a: Espeon|Trick||[still]\n|-fail|p1a: Espeon\n|move|p2a: Enamorus|Calm Mind|p2a: Enamorus\n|-boost|p2a: Enamorus|spa|1\n|-boost|p2a: Enamorus|spd|1\n|\n|-heal|p2a: Enamorus|90\/100|[from] item: Leftovers\n|upkeep\n|turn|15\n|-message|FuzzyJu forfeited.\n|\n|win|SquidSpring\n|raw|FuzzyJu's rating: 1000 &rarr; <strong>1000<\/strong><br \/>(+0 for losing)\n|raw|SquidSpring's rating: 1121 &rarr; <strong>1138<\/strong><br \/>(+17 for winning)\n|l|\u2606FuzzyJu\n|player|p1|\n","uploadtime":1711944422,"views":9,"formatid":"gen9ru","rating":1000,"private":0,"password":null}