{"id":"gen9ru-2093301312","format":"[Gen 9] RU","players":["JoeBidem","herso"],"log":"|j|\u2606JoeBidem\n|j|\u2606herso\n|t:|1711936550\n|gametype|singles\n|player|p1|JoeBidem|266|1251\n|player|p2|herso|volkner|1136\n|teamsize|p1|6\n|teamsize|p2|6\n|gen|9\n|tier|[Gen 9] RU\n|rated|\n|rule|Species Clause: Limit one of each Pok\u00e9mon\n|rule|OHKO Clause: OHKO moves are banned\n|rule|Evasion Items Clause: Evasion items are banned\n|rule|Evasion Moves Clause: Evasion moves are banned\n|rule|Endless Battle Clause: Forcing endless battles is banned\n|rule|HP Percentage Mod: HP is shown in percentages\n|rule|Sleep Moves Clause: Sleep-inducing moves are banned\n|clearpoke\n|poke|p1|Muk-Alola, M|\n|poke|p1|Gyarados, F|\n|poke|p1|Hippowdon, M|\n|poke|p1|Cyclizar, F|\n|poke|p1|Gardevoir, M|\n|poke|p1|Rotom-Heat|\n|poke|p2|Feraligatr, M|\n|poke|p2|Illumise, F|\n|poke|p2|Sableye, M|\n|poke|p2|Basculegion, M|\n|poke|p2|Floatzel, M|\n|poke|p2|Kingdra, F|\n|teampreview\n|inactive|Battle timer is ON: inactive players will automatically lose when time's up. (requested by JoeBidem)\n|\n|t:|1711936565\n|start\n|switch|p1a: Muk|Muk-Alola, M|100\/100\n|switch|p2a: Basculegion|Basculegion, M|100\/100\n|turn|1\n|c|\u2606JoeBidem|glhf\n|\n|t:|1711936575\n|switch|p1a: Cyclizar|Cyclizar, F|100\/100\n|move|p2a: Basculegion|Wave Crash|p1a: Cyclizar\n|-resisted|p1a: Cyclizar\n|-damage|p1a: Cyclizar|23\/100\n|-damage|p2a: Basculegion|77\/100|[from] Recoil\n|\n|upkeep\n|turn|2\n|\n|t:|1711936582\n|switch|p2a: Illumise|Illumise, F|100\/100\n|move|p1a: Cyclizar|Knock Off|p2a: Illumise\n|-damage|p2a: Illumise|70\/100\n|-enditem|p2a: Illumise|Damp Rock|[from] move: Knock Off|[of] p1a: Cyclizar\n|\n|upkeep\n|turn|3\n|\n|t:|1711936587\n|move|p2a: Illumise|Rain Dance|p2a: Illumise\n|-weather|RainDance\n|move|p1a: Cyclizar|U-turn|p2a: Illumise\n|-damage|p2a: Illumise|51\/100\n|\n|t:|1711936593\n|switch|p1a: Muk|Muk-Alola, M|100\/100|[from] U-turn\n|\n|-weather|RainDance|[upkeep]\n|upkeep\n|turn|4\n|\n|t:|1711936597\n|move|p2a: Illumise|U-turn|p1a: Muk\n|-damage|p1a: Muk|88\/100\n|\n|t:|1711936601\n|switch|p2a: Feraligatr|Feraligatr, M|100\/100|[from] U-turn\n|move|p1a: Muk|Knock Off|p2a: Feraligatr\n|-damage|p2a: Feraligatr|61\/100\n|-enditem|p2a: Feraligatr|Life Orb|[from] move: Knock Off|[of] p1a: Muk\n|\n|-weather|RainDance|[upkeep]\n|-heal|p1a: Muk|94\/100|[from] item: Leftovers\n|upkeep\n|turn|5\n|\n|t:|1711936608\n|switch|p1a: Gyarados|Gyarados, F|100\/100\n|-ability|p1a: Gyarados|Intimidate|boost\n|-unboost|p2a: Feraligatr|atk|1\n|move|p2a: Feraligatr|Liquidation|p1a: Gyarados\n|-resisted|p1a: Gyarados\n|-damage|p1a: Gyarados|68\/100\n|\n|-weather|RainDance|[upkeep]\n|upkeep\n|turn|6\n|\n|t:|1711936618\n|switch|p2a: Kingdra|Kingdra, F|100\/100\n|move|p1a: Gyarados|Waterfall|p2a: Kingdra\n|-resisted|p2a: Kingdra\n|-damage|p2a: Kingdra|83\/100\n|\n|-weather|RainDance|[upkeep]\n|upkeep\n|turn|7\n|\n|t:|1711936626\n|switch|p1a: Muk|Muk-Alola, M|94\/100\n|move|p2a: Kingdra|Draco Meteor|p1a: Muk\n|-damage|p1a: Muk|49\/100\n|-unboost|p2a: Kingdra|spa|2\n|\n|-weather|none\n|-heal|p1a: Muk|55\/100|[from] item: Leftovers\n|upkeep\n|turn|8\n|\n|t:|1711936634\n|switch|p2a: Illumise|Illumise, F|51\/100\n|move|p1a: Muk|Poison Jab|p2a: Illumise\n|-damage|p2a: Illumise|15\/100\n|\n|-heal|p1a: Muk|61\/100|[from] item: Leftovers\n|upkeep\n|turn|9\n|\n|t:|1711936637\n|move|p2a: Illumise|Rain Dance|p2a: Illumise\n|-weather|RainDance\n|move|p1a: Muk|Poison Jab|p2a: Illumise\n|-damage|p2a: Illumise|0 fnt\n|faint|p2a: Illumise\n|\n|-weather|RainDance|[upkeep]\n|-heal|p1a: Muk|67\/100|[from] item: Leftovers\n|upkeep\n|\n|t:|1711936640\n|switch|p2a: Basculegion|Basculegion, M|77\/100\n|turn|10\n|\n|t:|1711936646\n|switch|p1a: Cyclizar|Cyclizar, F|56\/100\n|move|p2a: Basculegion|Wave Crash|p1a: Cyclizar\n|-resisted|p1a: Cyclizar\n|-damage|p1a: Cyclizar|0 fnt\n|faint|p1a: Cyclizar\n|-damage|p2a: Basculegion|61\/100|[from] Recoil\n|\n|-weather|RainDance|[upkeep]\n|upkeep\n|\n|t:|1711936649\n|switch|p1a: Gyarados|Gyarados, F|68\/100\n|-ability|p1a: Gyarados|Intimidate|boost\n|-unboost|p2a: Basculegion|atk|1\n|turn|11\n|\n|t:|1711936653\n|move|p1a: Gyarados|Waterfall|p2a: Basculegion\n|-resisted|p2a: Basculegion\n|-damage|p2a: Basculegion|22\/100\n|move|p2a: Basculegion|Wave Crash|p1a: Gyarados\n|-resisted|p1a: Gyarados\n|-damage|p1a: Gyarados|0 fnt\n|faint|p1a: Gyarados\n|-damage|p2a: Basculegion|3\/100|[from] Recoil\n|\n|-weather|RainDance|[upkeep]\n|upkeep\n|\n|t:|1711936658\n|switch|p1a: Gardevoir|Gardevoir, M|100\/100\n|-ability|p1a: Gardevoir|Adaptability|[from] ability: Trace|[of] p2a: Basculegion\n|turn|12\n|\n|t:|1711936662\n|move|p1a: Gardevoir|Moonblast|p2a: Basculegion\n|-damage|p2a: Basculegion|0 fnt\n|faint|p2a: Basculegion\n|\n|-weather|RainDance|[upkeep]\n|upkeep\n|\n|t:|1711936667\n|switch|p2a: Floatzel|Floatzel, M|100\/100\n|turn|13\n|\n|t:|1711936672\n|switch|p1a: Hippowdon|Hippowdon, M|100\/100\n|-weather|Sandstorm|[from] ability: Sand Stream|[of] p1a: Hippowdon\n|move|p2a: Floatzel|Wave Crash|p1a: Hippowdon\n|-supereffective|p1a: Hippowdon\n|-damage|p1a: Hippowdon|0 fnt\n|-damage|p2a: Floatzel|84\/100|[from] item: Rocky Helmet|[of] p1a: Hippowdon\n|faint|p1a: Hippowdon\n|-damage|p2a: Floatzel|39\/100|[from] Recoil\n|\n|-weather|Sandstorm|[upkeep]\n|-damage|p2a: Floatzel|33\/100|[from] Sandstorm\n|upkeep\n|\n|t:|1711936676\n|switch|p1a: Gardevoir|Gardevoir, M|100\/100\n|-ability|p1a: Gardevoir|Swift Swim|[from] ability: Trace|[of] p2a: Floatzel\n|turn|14\n|\n|t:|1711936683\n|move|p1a: Gardevoir|Moonblast|p2a: Floatzel\n|-damage|p2a: Floatzel|0 fnt\n|faint|p2a: Floatzel\n|\n|-weather|Sandstorm|[upkeep]\n|-damage|p1a: Gardevoir|94\/100|[from] Sandstorm\n|upkeep\n|\n|t:|1711936685\n|switch|p2a: Sableye|Sableye, M|100\/100\n|turn|15\n|\n|t:|1711936688\n|move|p2a: Sableye|Rain Dance|p2a: Sableye\n|-weather|RainDance\n|move|p1a: Gardevoir|Moonblast|p2a: Sableye\n|-supereffective|p2a: Sableye\n|-damage|p2a: Sableye|0 fnt\n|faint|p2a: Sableye\n|\n|-weather|RainDance|[upkeep]\n|upkeep\n|\n|t:|1711936692\n|switch|p2a: Kingdra|Kingdra, F|83\/100\n|turn|16\n|\n|t:|1711936700\n|-terastallize|p1a: Gardevoir|Fairy\n|-terastallize|p2a: Kingdra|Water\n|move|p1a: Gardevoir|Moonblast|p2a: Kingdra\n|-damage|p2a: Kingdra|10\/100\n|move|p2a: Kingdra|Surf|p1a: Gardevoir\n|-damage|p1a: Gardevoir|0 fnt\n|faint|p1a: Gardevoir\n|\n|-weather|RainDance|[upkeep]\n|upkeep\n|\n|t:|1711936706\n|switch|p1a: Muk|Muk-Alola, M|67\/100\n|turn|17\n|\n|t:|1711936714\n|switch|p2a: Feraligatr|Feraligatr, M|61\/100\n|move|p1a: Muk|Knock Off|p2a: Feraligatr\n|-damage|p2a: Feraligatr|33\/100\n|\n|-weather|RainDance|[upkeep]\n|-heal|p1a: Muk|73\/100|[from] item: Leftovers\n|upkeep\n|turn|18\n|\n|t:|1711936718\n|move|p2a: Feraligatr|Liquidation|p1a: Muk\n|-damage|p1a: Muk|0 fnt\n|faint|p1a: Muk\n|\n|-weather|RainDance|[upkeep]\n|upkeep\n|\n|t:|1711936721\n|switch|p1a: Rotom|Rotom-Heat|100\/100\n|turn|19\n|\n|t:|1711936725\n|move|p1a: Rotom|Volt Switch|p2a: Feraligatr\n|-supereffective|p2a: Feraligatr\n|-damage|p2a: Feraligatr|0 fnt\n|faint|p2a: Feraligatr\n|\n|-weather|RainDance|[upkeep]\n|upkeep\n|\n|t:|1711936728\n|switch|p2a: Kingdra|Kingdra, F, tera:Water|10\/100\n|turn|20\n|\n|t:|1711936731\n|move|p2a: Kingdra|Surf|p1a: Rotom\n|-supereffective|p1a: Rotom\n|-damage|p1a: Rotom|0 fnt\n|faint|p1a: Rotom\n|\n|win|herso\n|raw|JoeBidem's rating: 1251 &rarr; <strong>1218<\/strong><br \/>(-33 for losing)\n|raw|herso's rating: 1136 &rarr; <strong>1169<\/strong><br \/>(+33 for winning)\n|l|\u2606JoeBidem\n|player|p1|\n|l|\u2606herso\n|player|p2|\n","uploadtime":1711937095,"views":0,"formatid":"gen9ru","rating":1169,"private":0,"password":null}