{"id":"gen9ru-2093363256","format":"[Gen 9] RU","players":["jorts4life","SquidSpring"],"log":"|j|\u2606jorts4life\n|j|\u2606SquidSpring\n|t:|1711944839\n|gametype|singles\n|player|p1|jorts4life|swimmer|1167\n|player|p2|SquidSpring|iono|1138\n|teamsize|p1|6\n|teamsize|p2|6\n|gen|9\n|tier|[Gen 9] RU\n|rated|\n|rule|Species Clause: Limit one of each Pok\u00e9mon\n|rule|OHKO Clause: OHKO moves are banned\n|rule|Evasion Items Clause: Evasion items are banned\n|rule|Evasion Moves Clause: Evasion moves are banned\n|rule|Endless Battle Clause: Forcing endless battles is banned\n|rule|HP Percentage Mod: HP is shown in percentages\n|rule|Sleep Moves Clause: Sleep-inducing moves are banned\n|clearpoke\n|poke|p1|Amoonguss, M|\n|poke|p1|Empoleon, M|\n|poke|p1|Salamence, M|\n|poke|p1|Scream Tail|\n|poke|p1|Slither Wing|\n|poke|p1|Thundurus-Therian, M|\n|poke|p2|Zapdos-Galar|\n|poke|p2|Suicune|\n|poke|p2|Enamorus-Therian, F|\n|poke|p2|Breloom, M|\n|poke|p2|Zoroark-Hisui, M|\n|poke|p2|Mimikyu, M|\n|teampreview\n|c|\u2606SquidSpring|glhf\n|c|\u2606jorts4life|gl\n|\n|t:|1711944864\n|start\n|switch|p1a: Salamence|Salamence, M|100\/100\n|switch|p2a: Mimikyu|Mimikyu, M|100\/100\n|-ability|p1a: Salamence|Intimidate|boost\n|-unboost|p2a: Mimikyu|atk|1\n|turn|1\n|\n|t:|1711944871\n|switch|p1a: Empoleon|Empoleon, M|100\/100\n|move|p2a: Mimikyu|Substitute|p2a: Mimikyu\n|-start|p2a: Mimikyu|Substitute\n|-damage|p2a: Mimikyu|76\/100\n|\n|upkeep\n|turn|2\n|\n|t:|1711944879\n|move|p2a: Mimikyu|Nasty Plot|p2a: Mimikyu\n|-boost|p2a: Mimikyu|spa|2\n|move|p1a: Empoleon|Surf|p2a: Mimikyu\n|-end|p2a: Mimikyu|Substitute\n|\n|upkeep\n|turn|3\n|\n|t:|1711944922\n|move|p2a: Mimikyu|Nasty Plot|p2a: Mimikyu\n|-boost|p2a: Mimikyu|spa|2\n|move|p1a: Empoleon|Surf|p2a: Mimikyu\n|-damage|p2a: Mimikyu|3\/100\n|replace|p2a: Zoroark|Zoroark-Hisui, M\n|-end|p2a: Zoroark|Illusion\n|\n|upkeep\n|turn|4\n|\n|t:|1711944944\n|move|p2a: Zoroark|Shadow Ball|p1a: Empoleon\n|-damage|p1a: Empoleon|10\/100\n|move|p1a: Empoleon|Flip Turn|p2a: Zoroark\n|-damage|p2a: Zoroark|0 fnt\n|faint|p2a: Zoroark\n|\n|t:|1711944961\n|switch|p1a: Thundurus|Thundurus-Therian, M|100\/100|[from] Flip Turn\n|\n|upkeep\n|\n|t:|1711944966\n|switch|p2a: Mimikyu|Mimikyu, M|100\/100\n|turn|5\n|\n|t:|1711944972\n|move|p1a: Thundurus|Thunderbolt|p2a: Mimikyu\n|-activate|p2a: Mimikyu|ability: Disguise\n|-damage|p2a: Mimikyu|100\/100\n|detailschange|p2a: Mimikyu|Mimikyu-Busted, M\n|-damage|p2a: Mimikyu|88\/100|[from] pokemon: Mimikyu-Busted\n|move|p2a: Mimikyu|Play Rough|p1a: Thundurus\n|-damage|p1a: Thundurus|42\/100\n|\n|upkeep\n|turn|6\n|\n|t:|1711945010\n|switch|p1a: Scream Tail|Scream Tail|100\/100\n|move|p2a: Mimikyu|Play Rough|p1a: Scream Tail\n|-damage|p1a: Scream Tail|71\/100\n|-unboost|p1a: Scream Tail|atk|1\n|\n|upkeep\n|turn|7\n|\n|t:|1711945015\n|move|p1a: Scream Tail|Thunder Wave|p2a: Mimikyu\n|-status|p2a: Mimikyu|par\n|-enditem|p2a: Mimikyu|Lum Berry|[eat]\n|-curestatus|p2a: Mimikyu|par|[msg]\n|move|p2a: Mimikyu|Substitute|p2a: Mimikyu\n|-start|p2a: Mimikyu|Substitute\n|-damage|p2a: Mimikyu|63\/100\n|\n|upkeep\n|turn|8\n|\n|t:|1711945035\n|move|p1a: Scream Tail|Encore|p2a: Mimikyu\n|-start|p2a: Mimikyu|Encore\n|move|p2a: Mimikyu|Substitute|p2a: Mimikyu\n|-fail|p2a: Mimikyu|move: Substitute\n|\n|upkeep\n|turn|9\n|\n|t:|1711945039\n|move|p1a: Scream Tail|Wish|p1a: Scream Tail\n|move|p2a: Mimikyu|Substitute|p2a: Mimikyu\n|-fail|p2a: Mimikyu|move: Substitute\n|\n|upkeep\n|turn|10\n|\n|t:|1711945044\n|move|p1a: Scream Tail|Dazzling Gleam|p2a: Mimikyu\n|-end|p2a: Mimikyu|Substitute\n|move|p2a: Mimikyu|Substitute|p2a: Mimikyu\n|-start|p2a: Mimikyu|Substitute\n|-damage|p2a: Mimikyu|39\/100\n|\n|-heal|p1a: Scream Tail|100\/100|[from] move: Wish|[wisher] Scream Tail\n|-end|p2a: Mimikyu|Encore\n|upkeep\n|turn|11\n|\n|t:|1711945053\n|move|p2a: Mimikyu|Shadow Sneak|p1a: Scream Tail\n|-supereffective|p1a: Scream Tail\n|-damage|p1a: Scream Tail|77\/100\n|move|p1a: Scream Tail|Encore|p2a: Mimikyu\n|-start|p2a: Mimikyu|Encore\n|\n|upkeep\n|turn|12\n|\n|t:|1711945066\n|move|p2a: Mimikyu|Shadow Sneak|p1a: Scream Tail\n|-supereffective|p1a: Scream Tail\n|-damage|p1a: Scream Tail|50\/100\n|move|p1a: Scream Tail|Dazzling Gleam|p2a: Mimikyu\n|-end|p2a: Mimikyu|Substitute\n|\n|upkeep\n|turn|13\n|\n|t:|1711945071\n|-end|p1a: Scream Tail|Protosynthesis|[silent]\n|switch|p1a: Amoonguss|Amoonguss, M|100\/100\n|move|p2a: Mimikyu|Shadow Sneak|p1a: Amoonguss\n|-damage|p1a: Amoonguss|88\/100\n|-damage|p2a: Mimikyu|22\/100|[from] item: Rocky Helmet|[of] p1a: Amoonguss\n|\n|upkeep\n|turn|14\n|\n|t:|1711945080\n|move|p2a: Mimikyu|Shadow Sneak|p1a: Amoonguss\n|-crit|p1a: Amoonguss\n|-damage|p1a: Amoonguss|70\/100\n|-damage|p2a: Mimikyu|6\/100|[from] item: Rocky Helmet|[of] p1a: Amoonguss\n|move|p1a: Amoonguss|Foul Play|p2a: Mimikyu\n|-damage|p2a: Mimikyu|0 fnt\n|faint|p2a: Mimikyu\n|\n|upkeep\n|\n|t:|1711945096\n|switch|p2a: Enamorus|Enamorus-Therian, F|100\/100\n|turn|15\n|\n|t:|1711945104\n|move|p2a: Enamorus|Substitute|p2a: Enamorus\n|-start|p2a: Enamorus|Substitute\n|-damage|p2a: Enamorus|76\/100\n|move|p1a: Amoonguss|Sludge Bomb|p2a: Enamorus\n|-supereffective|p2a: Enamorus\n|-end|p2a: Enamorus|Substitute\n|\n|-heal|p2a: Enamorus|82\/100|[from] item: Leftovers\n|upkeep\n|turn|16\n|\n|t:|1711945121\n|switch|p2a: Zapdos|Zapdos-Galar|100\/100\n|move|p1a: Amoonguss|Sludge Bomb|p2a: Zapdos\n|-damage|p2a: Zapdos|68\/100\n|\n|-heal|p2a: Zapdos|74\/100|[from] item: Leftovers\n|upkeep\n|turn|17\n|\n|t:|1711945137\n|switch|p1a: Empoleon|Empoleon, M|10\/100\n|move|p2a: Zapdos|Substitute|p2a: Zapdos\n|-start|p2a: Zapdos|Substitute\n|-damage|p2a: Zapdos|49\/100\n|\n|-heal|p2a: Zapdos|55\/100|[from] item: Leftovers\n|-heal|p1a: Empoleon|16\/100|[from] item: Leftovers\n|upkeep\n|turn|18\n|\n|t:|1711945143\n|move|p2a: Zapdos|Thunderous Kick|p1a: Empoleon\n|-supereffective|p1a: Empoleon\n|-damage|p1a: Empoleon|0 fnt\n|faint|p1a: Empoleon\n|\n|-heal|p2a: Zapdos|62\/100|[from] item: Leftovers\n|upkeep\n|\n|t:|1711945158\n|switch|p1a: Scream Tail|Scream Tail|50\/100\n|turn|19\n|\n|t:|1711945164\n|move|p1a: Scream Tail|Encore|p2a: Zapdos\n|-start|p2a: Zapdos|Encore\n|move|p2a: Zapdos|Thunderous Kick|p1a: Scream Tail\n|-resisted|p1a: Scream Tail\n|-damage|p1a: Scream Tail|40\/100\n|-unboost|p1a: Scream Tail|def|1\n|\n|-heal|p2a: Zapdos|68\/100|[from] item: Leftovers\n|upkeep\n|turn|20\n|\n|t:|1711945169\n|move|p1a: Scream Tail|Wish|p1a: Scream Tail\n|move|p2a: Zapdos|Thunderous Kick|p1a: Scream Tail\n|-resisted|p1a: Scream Tail\n|-damage|p1a: Scream Tail|26\/100\n|-unboost|p1a: Scream Tail|def|1\n|\n|-heal|p2a: Zapdos|74\/100|[from] item: Leftovers\n|upkeep\n|turn|21\n|\n|t:|1711945206\n|-end|p1a: Scream Tail|Protosynthesis|[silent]\n|switch|p1a: Thundurus|Thundurus-Therian, M|42\/100\n|move|p2a: Zapdos|Thunderous Kick|p1a: Thundurus\n|-resisted|p1a: Thundurus\n|-damage|p1a: Thundurus|4\/100\n|-unboost|p1a: Thundurus|def|1\n|\n|-heal|p1a: Thundurus|77\/100|[from] move: Wish|[wisher] Scream Tail\n|-heal|p2a: Zapdos|80\/100|[from] item: Leftovers\n|-end|p2a: Zapdos|Encore\n|upkeep\n|turn|22\n|\n|t:|1711945218\n|move|p1a: Thundurus|Thunderbolt|p2a: Zapdos\n|-supereffective|p2a: Zapdos\n|-end|p2a: Zapdos|Substitute\n|move|p2a: Zapdos|Thunderous Kick|p1a: Thundurus\n|-resisted|p1a: Thundurus\n|-damage|p1a: Thundurus|20\/100\n|-unboost|p1a: Thundurus|def|1\n|\n|-heal|p2a: Zapdos|86\/100|[from] item: Leftovers\n|upkeep\n|turn|23\n|\n|t:|1711945225\n|switch|p2a: Breloom|Breloom, M|100\/100\n|move|p1a: Thundurus|Thunderbolt|p2a: Breloom\n|-resisted|p2a: Breloom\n|-damage|p2a: Breloom|57\/100\n|\n|-status|p2a: Breloom|tox|[from] item: Toxic Orb\n|upkeep\n|turn|24\n|\n|t:|1711945244\n|switch|p1a: Slither Wing|Slither Wing|100\/100\n|switch|p2a: Suicune|Suicune|100\/100\n|-ability|p2a: Suicune|Pressure\n|\n|upkeep\n|turn|25\n|\n|t:|1711945250\n|move|p2a: Suicune|Protect|p2a: Suicune\n|-singleturn|p2a: Suicune|Protect\n|move|p1a: Slither Wing|Close Combat|p2a: Suicune\n|-activate|p2a: Suicune|move: Protect\n|\n|upkeep\n|turn|26\n|\n|t:|1711945261\n|move|p2a: Suicune|Scald|p1a: Slither Wing\n|-damage|p1a: Slither Wing|79\/100\n|-status|p1a: Slither Wing|brn\n|move|p1a: Slither Wing|U-turn|p2a: Suicune\n|-damage|p2a: Suicune|88\/100\n|\n|t:|1711945277\n|-end|p1a: Slither Wing|Protosynthesis|[silent]\n|switch|p1a: Amoonguss|Amoonguss, M|100\/100|[from] U-turn\n|\n|-heal|p2a: Suicune|95\/100|[from] item: Leftovers\n|upkeep\n|turn|27\n|\n|t:|1711945288\n|switch|p2a: Zapdos|Zapdos-Galar|86\/100\n|move|p1a: Amoonguss|Giga Drain|p2a: Zapdos\n|-resisted|p2a: Zapdos\n|-damage|p2a: Zapdos|74\/100\n|\n|-heal|p2a: Zapdos|80\/100|[from] item: Leftovers\n|upkeep\n|turn|28\n|\n|t:|1711945301\n|switch|p1a: Slither Wing|Slither Wing|79\/100 brn\n|move|p2a: Zapdos|Drill Peck|p1a: Slither Wing\n|-supereffective|p1a: Slither Wing\n|-damage|p1a: Slither Wing|0 fnt\n|faint|p1a: Slither Wing\n|-end|p1a: Slither Wing|Protosynthesis|[silent]\n|\n|-heal|p2a: Zapdos|86\/100|[from] item: Leftovers\n|upkeep\n|\n|t:|1711945307\n|switch|p1a: Salamence|Salamence, M|100\/100\n|-ability|p1a: Salamence|Intimidate|boost\n|-unboost|p2a: Zapdos|atk|1\n|-ability|p2a: Zapdos|Defiant|boost\n|-boost|p2a: Zapdos|atk|2\n|turn|29\n|\n|t:|1711945318\n|move|p2a: Zapdos|Drill Peck|p1a: Salamence\n|-damage|p1a: Salamence|25\/100\n|move|p1a: Salamence|Dragon Dance|p1a: Salamence\n|-boost|p1a: Salamence|atk|1\n|-boost|p1a: Salamence|spe|1\n|\n|-heal|p2a: Zapdos|93\/100|[from] item: Leftovers\n|upkeep\n|turn|30\n|\n|t:|1711945325\n|-terastallize|p2a: Zapdos|Steel\n|move|p1a: Salamence|Breaking Swipe|p2a: Zapdos\n|-resisted|p2a: Zapdos\n|-damage|p2a: Zapdos|63\/100\n|-unboost|p2a: Zapdos|atk|1\n|-ability|p2a: Zapdos|Defiant|boost\n|-boost|p2a: Zapdos|atk|2\n|move|p2a: Zapdos|Drill Peck|p1a: Salamence\n|-damage|p1a: Salamence|0 fnt\n|faint|p1a: Salamence\n|\n|-heal|p2a: Zapdos|69\/100|[from] item: Leftovers\n|upkeep\n|\n|t:|1711945333\n|switch|p1a: Scream Tail|Scream Tail|26\/100\n|turn|31\n|\n|t:|1711945336\n|move|p1a: Scream Tail|Thunder Wave|p2a: Zapdos\n|-status|p2a: Zapdos|par\n|cant|p2a: Zapdos|par\n|\n|-heal|p2a: Zapdos|76\/100 par|[from] item: Leftovers\n|upkeep\n|turn|32\n|\n|t:|1711945341\n|move|p1a: Scream Tail|Wish|p1a: Scream Tail\n|move|p2a: Zapdos|Drill Peck|p1a: Scream Tail\n|-damage|p1a: Scream Tail|0 fnt\n|faint|p1a: Scream Tail\n|-end|p1a: Scream Tail|Protosynthesis|[silent]\n|\n|-heal|p2a: Zapdos|82\/100 par|[from] item: Leftovers\n|upkeep\n|\n|t:|1711945348\n|switch|p1a: Thundurus|Thundurus-Therian, M|20\/100\n|turn|33\n|\n|t:|1711945377\n|move|p1a: Thundurus|Focus Blast|p2a: Zapdos|[miss]\n|-miss|p1a: Thundurus|p2a: Zapdos\n|move|p2a: Zapdos|Drill Peck|p1a: Thundurus\n|-resisted|p1a: Thundurus\n|-damage|p1a: Thundurus|0 fnt\n|faint|p1a: Thundurus\n|\n|-heal|p2a: Zapdos|88\/100 par|[from] item: Leftovers\n|upkeep\n|\n|t:|1711945380\n|switch|p1a: Amoonguss|Amoonguss, M|100\/100\n|turn|34\n|\n|t:|1711945389\n|-terastallize|p1a: Amoonguss|Steel\n|cant|p2a: Zapdos|par\n|move|p1a: Amoonguss|Foul Play|p2a: Zapdos\n|-damage|p2a: Zapdos|11\/100 par\n|\n|-heal|p2a: Zapdos|18\/100 par|[from] item: Leftovers\n|upkeep\n|turn|35\n|\n|t:|1711945395\n|cant|p2a: Zapdos|par\n|move|p1a: Amoonguss|Foul Play|p2a: Zapdos\n|-damage|p2a: Zapdos|0 fnt\n|faint|p2a: Zapdos\n|\n|upkeep\n|\n|t:|1711945401\n|switch|p2a: Breloom|Breloom, M|57\/100 tox\n|turn|36\n|\n|t:|1711945414\n|move|p2a: Breloom|Leech Seed|p1a: Amoonguss\n|-start|p1a: Amoonguss|move: Leech Seed\n|move|p1a: Amoonguss|Sludge Bomb|p2a: Breloom\n|-supereffective|p2a: Breloom\n|-damage|p2a: Breloom|0 fnt\n|faint|p2a: Breloom\n|\n|upkeep\n|\n|t:|1711945418\n|switch|p2a: Suicune|Suicune|95\/100\n|-ability|p2a: Suicune|Pressure\n|turn|37\n|\n|t:|1711945425\n|move|p2a: Suicune|Protect|p2a: Suicune\n|-singleturn|p2a: Suicune|Protect\n|move|p1a: Amoonguss|Giga Drain|p2a: Suicune\n|-activate|p2a: Suicune|move: Protect\n|\n|-heal|p2a: Suicune|100\/100|[from] item: Leftovers\n|-damage|p1a: Amoonguss|88\/100|[from] Leech Seed|[of] p2a: Suicune\n|upkeep\n|turn|38\n|\n|t:|1711945433\n|move|p2a: Suicune|Calm Mind|p2a: Suicune\n|-boost|p2a: Suicune|spa|1\n|-boost|p2a: Suicune|spd|1\n|move|p1a: Amoonguss|Giga Drain|p2a: Suicune\n|-supereffective|p2a: Suicune\n|-crit|p2a: Suicune\n|-damage|p2a: Suicune|53\/100\n|-heal|p1a: Amoonguss|100\/100|[from] drain|[of] p2a: Suicune\n|\n|-heal|p2a: Suicune|59\/100|[from] item: Leftovers\n|-damage|p1a: Amoonguss|88\/100|[from] Leech Seed|[of] p2a: Suicune\n|-heal|p2a: Suicune|73\/100|[silent]\n|upkeep\n|turn|39\n|\n|t:|1711945440\n|move|p2a: Suicune|Calm Mind|p2a: Suicune\n|-boost|p2a: Suicune|spa|1\n|-boost|p2a: Suicune|spd|1\n|move|p1a: Amoonguss|Stun Spore|p2a: Suicune\n|-status|p2a: Suicune|par\n|\n|-heal|p2a: Suicune|79\/100 par|[from] item: Leftovers\n|-damage|p1a: Amoonguss|75\/100|[from] Leech Seed|[of] p2a: Suicune\n|-heal|p2a: Suicune|92\/100 par|[silent]\n|upkeep\n|turn|40\n|\n|t:|1711945446\n|move|p2a: Suicune|Calm Mind|p2a: Suicune\n|-boost|p2a: Suicune|spa|1\n|-boost|p2a: Suicune|spd|1\n|move|p1a: Amoonguss|Giga Drain|p2a: Suicune\n|-supereffective|p2a: Suicune\n|-damage|p2a: Suicune|77\/100 par\n|-heal|p1a: Amoonguss|82\/100|[from] drain|[of] p2a: Suicune\n|\n|-heal|p2a: Suicune|83\/100 par|[from] item: Leftovers\n|-damage|p1a: Amoonguss|70\/100|[from] Leech Seed|[of] p2a: Suicune\n|-heal|p2a: Suicune|97\/100 par|[silent]\n|upkeep\n|turn|41\n|\n|t:|1711945450\n|move|p2a: Suicune|Calm Mind|p2a: Suicune\n|-boost|p2a: Suicune|spa|1\n|-boost|p2a: Suicune|spd|1\n|move|p1a: Amoonguss|Giga Drain|p2a: Suicune\n|-supereffective|p2a: Suicune\n|-damage|p2a: Suicune|85\/100 par\n|-heal|p1a: Amoonguss|75\/100|[from] drain|[of] p2a: Suicune\n|\n|-heal|p2a: Suicune|91\/100 par|[from] item: Leftovers\n|-damage|p1a: Amoonguss|63\/100|[from] Leech Seed|[of] p2a: Suicune\n|-heal|p2a: Suicune|100\/100 par|[silent]\n|upkeep\n|turn|42\n|\n|t:|1711945453\n|move|p2a: Suicune|Calm Mind|p2a: Suicune\n|-boost|p2a: Suicune|spa|1\n|-boost|p2a: Suicune|spd|1\n|move|p1a: Amoonguss|Giga Drain|p2a: Suicune\n|-supereffective|p2a: Suicune\n|-damage|p2a: Suicune|91\/100 par\n|-heal|p1a: Amoonguss|67\/100|[from] drain|[of] p2a: Suicune\n|\n|-heal|p2a: Suicune|97\/100 par|[from] item: Leftovers\n|-damage|p1a: Amoonguss|55\/100|[from] Leech Seed|[of] p2a: Suicune\n|-heal|p2a: Suicune|100\/100 par|[silent]\n|upkeep\n|turn|43\n|\n|t:|1711945455\n|move|p2a: Suicune|Calm Mind|p2a: Suicune\n|-boost|p2a: Suicune|spa|1\n|-boost|p2a: Suicune|spd|1\n|move|p1a: Amoonguss|Giga Drain|p2a: Suicune\n|-supereffective|p2a: Suicune\n|-damage|p2a: Suicune|92\/100 par\n|-heal|p1a: Amoonguss|59\/100|[from] drain|[of] p2a: Suicune\n|\n|-heal|p2a: Suicune|98\/100 par|[from] item: Leftovers\n|-damage|p1a: Amoonguss|47\/100|[from] Leech Seed|[of] p2a: Suicune\n|-heal|p2a: Suicune|100\/100 par|[silent]\n|upkeep\n|turn|44\n|\n|t:|1711945459\n|move|p2a: Suicune|Substitute|p2a: Suicune\n|-start|p2a: Suicune|Substitute\n|-damage|p2a: Suicune|75\/100 par\n|move|p1a: Amoonguss|Giga Drain|p2a: Suicune\n|-supereffective|p2a: Suicune\n|-activate|p2a: Suicune|move: Substitute|[damage]\n|-heal|p1a: Amoonguss|50\/100|[from] drain|[of] p2a: Suicune\n|\n|-heal|p2a: Suicune|82\/100 par|[from] item: Leftovers\n|-damage|p1a: Amoonguss|38\/100|[from] Leech Seed|[of] p2a: Suicune\n|-heal|p2a: Suicune|95\/100 par|[silent]\n|upkeep\n|turn|45\n|c|\u2606SquidSpring|ggwp\n|\n|t:|1711945466\n|move|p2a: Suicune|Protect|p2a: Suicune\n|-singleturn|p2a: Suicune|Protect\n|move|p1a: Amoonguss|Giga Drain|p2a: Suicune\n|-activate|p2a: Suicune|move: Protect\n|\n|-heal|p2a: Suicune|100\/100 par|[from] item: Leftovers\n|-damage|p1a: Amoonguss|25\/100|[from] Leech Seed|[of] p2a: Suicune\n|upkeep\n|turn|46\n|c|\u2606jorts4life|2 crits and its mine\n|c|\u2606jorts4life|gg\n|-message|jorts4life forfeited.\n|\n|win|SquidSpring\n|raw|jorts4life's rating: 1167 &rarr; <strong>1140<\/strong><br \/>(-27 for losing)\n|raw|SquidSpring's rating: 1138 &rarr; <strong>1165<\/strong><br \/>(+27 for winning)\n|l|\u2606jorts4life\n|player|p1|\n|l|\u2606SquidSpring\n|player|p2|\n","uploadtime":1711945477,"views":8,"formatid":"gen9ru","rating":1140,"private":0,"password":null}