{"id":"gen9ru-2093303618","format":"[Gen 9] RU","players":["coalmander","Daedra"],"log":"|j|\u2606coalmander\n|j|\u2606Daedra\n|t:|1711936836\n|gametype|singles\n|player|p1|coalmander|lucas|1283\n|player|p2|Daedra|delinquent|1343\n|teamsize|p1|6\n|teamsize|p2|6\n|gen|9\n|tier|[Gen 9] RU\n|rated|\n|rule|Species Clause: Limit one of each Pok\u00e9mon\n|rule|OHKO Clause: OHKO moves are banned\n|rule|Evasion Items Clause: Evasion items are banned\n|rule|Evasion Moves Clause: Evasion moves are banned\n|rule|Endless Battle Clause: Forcing endless battles is banned\n|rule|HP Percentage Mod: HP is shown in percentages\n|rule|Sleep Moves Clause: Sleep-inducing moves are banned\n|clearpoke\n|poke|p1|Swampert, F|\n|poke|p1|Jolteon, F|\n|poke|p1|Hitmontop, M|\n|poke|p1|Lycanroc-Dusk, F|\n|poke|p1|Sableye, F|\n|poke|p1|Honchkrow, M|\n|poke|p2|Thundurus-Therian, M|\n|poke|p2|Empoleon, F|\n|poke|p2|Zapdos-Galar|\n|poke|p2|Cyclizar, M|\n|poke|p2|Moltres|\n|poke|p2|Conkeldurr, M|\n|teampreview\n|\n|t:|1711936852\n|start\n|switch|p1a: Lycanroc|Lycanroc-Dusk, F|100\/100\n|switch|p2a: Zapdos|Zapdos-Galar|100\/100\n|turn|1\n|inactive|Battle timer is ON: inactive players will automatically lose when time's up. (requested by Daedra)\n|\n|t:|1711936865\n|switch|p1a: Sableye|Sableye, F|100\/100\n|move|p2a: Zapdos|U-turn|p1a: Sableye\n|-damage|p1a: Sableye|70\/100\n|\n|t:|1711936878\n|switch|p2a: Thundurus|Thundurus-Therian, M|100\/100|[from] U-turn\n|\n|-heal|p1a: Sableye|76\/100|[from] item: Leftovers\n|upkeep\n|turn|2\n|\n|t:|1711936889\n|move|p1a: Sableye|Will-O-Wisp|p2a: Thundurus\n|-status|p2a: Thundurus|brn\n|move|p2a: Thundurus|Nasty Plot|p2a: Thundurus\n|-boost|p2a: Thundurus|spa|2\n|\n|-heal|p1a: Sableye|82\/100|[from] item: Leftovers\n|-damage|p2a: Thundurus|94\/100 brn|[from] brn\n|upkeep\n|turn|3\n|\n|t:|1711936894\n|switch|p1a: Jolteon|Jolteon, F|100\/100\n|move|p2a: Thundurus|Sludge Wave|p1a: Jolteon\n|-damage|p1a: Jolteon|15\/100\n|\n|-damage|p2a: Thundurus|88\/100 brn|[from] brn\n|upkeep\n|turn|4\n|\n|t:|1711936902\n|switch|p1a: Swampert|Swampert, F|100\/100\n|move|p2a: Thundurus|Sludge Wave|p1a: Swampert\n|-resisted|p1a: Swampert\n|-damage|p1a: Swampert|75\/100\n|\n|-heal|p1a: Swampert|81\/100|[from] item: Leftovers\n|-damage|p2a: Thundurus|82\/100 brn|[from] brn\n|upkeep\n|turn|5\n|\n|t:|1711936912\n|-terastallize|p2a: Thundurus|Flying\n|move|p2a: Thundurus|Tera Blast|p1a: Swampert|[anim] Tera Blast Flying\n|-damage|p1a: Swampert|5\/100\n|move|p1a: Swampert|Stealth Rock|p2a: Thundurus\n|-sidestart|p2: Daedra|move: Stealth Rock\n|\n|-heal|p1a: Swampert|11\/100|[from] item: Leftovers\n|-damage|p2a: Thundurus|76\/100 brn|[from] brn\n|upkeep\n|turn|6\n|\n|t:|1711936923\n|move|p2a: Thundurus|Sludge Wave|p1a: Swampert\n|-resisted|p1a: Swampert\n|-damage|p1a: Swampert|0 fnt\n|faint|p1a: Swampert\n|\n|-damage|p2a: Thundurus|70\/100 brn|[from] brn\n|upkeep\n|\n|t:|1711936927\n|switch|p1a: Lycanroc|Lycanroc-Dusk, F|100\/100\n|turn|7\n|\n|t:|1711936949\n|switch|p2a: Conkeldurr|Conkeldurr, M|100\/100\n|-damage|p2a: Conkeldurr|94\/100|[from] Stealth Rock\n|move|p1a: Lycanroc|Close Combat|p2a: Conkeldurr\n|-damage|p2a: Conkeldurr|20\/100\n|-unboost|p1a: Lycanroc|def|1\n|-unboost|p1a: Lycanroc|spd|1\n|\n|-status|p2a: Conkeldurr|brn|[from] item: Flame Orb\n|upkeep\n|turn|8\n|\n|t:|1711936958\n|switch|p1a: Sableye|Sableye, F|82\/100\n|move|p2a: Conkeldurr|Mach Punch|p1a: Sableye\n|-immune|p1a: Sableye\n|\n|-heal|p1a: Sableye|88\/100|[from] item: Leftovers\n|-damage|p2a: Conkeldurr|14\/100 brn|[from] brn\n|upkeep\n|turn|9\n|\n|t:|1711936967\n|move|p2a: Conkeldurr|Knock Off|p1a: Sableye\n|-damage|p1a: Sableye|9\/100\n|-enditem|p1a: Sableye|Leftovers|[from] move: Knock Off|[of] p2a: Conkeldurr\n|move|p1a: Sableye|Foul Play|p2a: Conkeldurr\n|-resisted|p2a: Conkeldurr\n|-damage|p2a: Conkeldurr|0 fnt\n|faint|p2a: Conkeldurr\n|\n|upkeep\n|\n|t:|1711936976\n|switch|p2a: Thundurus|Thundurus-Therian, M, tera:Flying|70\/100 brn\n|turn|10\n|\n|t:|1711936985\n|move|p1a: Sableye|Taunt|p2a: Thundurus\n|-start|p2a: Thundurus|move: Taunt\n|move|p2a: Thundurus|Thunderbolt|p1a: Sableye\n|-crit|p1a: Sableye\n|-damage|p1a: Sableye|0 fnt\n|faint|p1a: Sableye\n|\n|-damage|p2a: Thundurus|64\/100 brn|[from] brn\n|upkeep\n|\n|t:|1711936992\n|switch|p1a: Honchkrow|Honchkrow, M|100\/100\n|turn|11\n|\n|t:|1711936995\n|switch|p1a: Jolteon|Jolteon, F|15\/100\n|move|p2a: Thundurus|Thunderbolt|p1a: Jolteon\n|-heal|p1a: Jolteon|39\/100|[from] ability: Volt Absorb|[of] p2a: Thundurus\n|\n|-damage|p2a: Thundurus|58\/100 brn|[from] brn\n|upkeep\n|turn|12\n|\n|t:|1711937002\n|-terastallize|p1a: Jolteon|Ice\n|move|p1a: Jolteon|Tera Blast|p2a: Thundurus|[anim] Tera Blast Ice\n|-supereffective|p2a: Thundurus\n|-damage|p2a: Thundurus|0 fnt\n|faint|p2a: Thundurus\n|\n|upkeep\n|\n|t:|1711937007\n|switch|p2a: Moltres|Moltres|100\/100\n|turn|13\n|\n|t:|1711937013\n|switch|p1a: Hitmontop|Hitmontop, M|100\/100\n|-ability|p1a: Hitmontop|Intimidate|boost\n|-unboost|p2a: Moltres|atk|1\n|move|p2a: Moltres|Flamethrower|p1a: Hitmontop\n|-damage|p1a: Hitmontop|61\/100\n|\n|-heal|p1a: Hitmontop|67\/100|[from] item: Leftovers\n|upkeep\n|turn|14\n|\n|t:|1711937035\n|switch|p1a: Lycanroc|Lycanroc-Dusk, F|100\/100\n|move|p2a: Moltres|Will-O-Wisp|p1a: Lycanroc\n|-status|p1a: Lycanroc|brn\n|\n|-damage|p1a: Lycanroc|94\/100 brn|[from] brn\n|upkeep\n|turn|15\n|\n|t:|1711937051\n|switch|p2a: Empoleon|Empoleon, F|100\/100\n|-damage|p2a: Empoleon|94\/100|[from] Stealth Rock\n|move|p1a: Lycanroc|Close Combat|p2a: Empoleon\n|-supereffective|p2a: Empoleon\n|-damage|p2a: Empoleon|22\/100\n|-unboost|p1a: Lycanroc|def|1\n|-unboost|p1a: Lycanroc|spd|1\n|\n|-heal|p2a: Empoleon|28\/100|[from] item: Leftovers\n|-damage|p1a: Lycanroc|88\/100 brn|[from] brn\n|upkeep\n|turn|16\n|\n|t:|1711937057\n|switch|p2a: Moltres|Moltres|100\/100\n|move|p1a: Lycanroc|Close Combat|p2a: Moltres\n|-resisted|p2a: Moltres\n|-damage|p2a: Moltres|86\/100\n|-unboost|p1a: Lycanroc|def|1\n|-unboost|p1a: Lycanroc|spd|1\n|\n|-damage|p1a: Lycanroc|82\/100 brn|[from] brn\n|upkeep\n|turn|17\n|\n|t:|1711937063\n|switch|p1a: Hitmontop|Hitmontop, M|67\/100\n|-ability|p1a: Hitmontop|Intimidate|boost\n|-unboost|p2a: Moltres|atk|1\n|move|p2a: Moltres|Flamethrower|p1a: Hitmontop\n|-damage|p1a: Hitmontop|25\/100\n|\n|-heal|p1a: Hitmontop|32\/100|[from] item: Leftovers\n|upkeep\n|turn|18\n|\n|t:|1711937072\n|switch|p1a: Lycanroc|Lycanroc-Dusk, F|82\/100 brn\n|move|p2a: Moltres|Flamethrower|p1a: Lycanroc\n|-resisted|p1a: Lycanroc\n|-damage|p1a: Lycanroc|48\/100 brn\n|\n|-damage|p1a: Lycanroc|42\/100 brn|[from] brn\n|upkeep\n|turn|19\n|\n|t:|1711937079\n|move|p1a: Lycanroc|Accelerock|p2a: Moltres\n|-supereffective|p2a: Moltres\n|-damage|p2a: Moltres|31\/100\n|move|p2a: Moltres|Flamethrower|p1a: Lycanroc\n|-resisted|p1a: Lycanroc\n|-damage|p1a: Lycanroc|9\/100 brn\n|\n|-damage|p1a: Lycanroc|3\/100 brn|[from] brn\n|upkeep\n|turn|20\n|\n|t:|1711937088\n|move|p1a: Lycanroc|Accelerock|p2a: Moltres\n|-supereffective|p2a: Moltres\n|-damage|p2a: Moltres|0 fnt\n|faint|p2a: Moltres\n|\n|-damage|p1a: Lycanroc|0 fnt|[from] brn\n|faint|p1a: Lycanroc\n|upkeep\n|\n|t:|1711937097\n|switch|p1a: Jolteon|Jolteon, F, tera:Ice|39\/100\n|switch|p2a: Cyclizar|Cyclizar, M|100\/100\n|turn|21\n|\n|t:|1711937105\n|move|p1a: Jolteon|Tera Blast|p2a: Cyclizar|[anim] Tera Blast Ice\n|-supereffective|p2a: Cyclizar\n|-damage|p2a: Cyclizar|0 fnt\n|faint|p2a: Cyclizar\n|\n|upkeep\n|\n|t:|1711937107\n|switch|p2a: Zapdos|Zapdos-Galar|100\/100\n|-damage|p2a: Zapdos|88\/100|[from] Stealth Rock\n|turn|22\n|\n|t:|1711937112\n|move|p1a: Jolteon|Tera Blast|p2a: Zapdos|[anim] Tera Blast Ice\n|-supereffective|p2a: Zapdos\n|-damage|p2a: Zapdos|0 fnt\n|faint|p2a: Zapdos\n|\n|upkeep\n|\n|t:|1711937116\n|switch|p2a: Empoleon|Empoleon, F|28\/100\n|-damage|p2a: Empoleon|22\/100|[from] Stealth Rock\n|turn|23\n|\n|t:|1711937121\n|switch|p1a: Hitmontop|Hitmontop, M|32\/100\n|-ability|p1a: Hitmontop|Intimidate|boost\n|-unboost|p2a: Empoleon|atk|1\n|-ability|p2a: Empoleon|Competitive|boost\n|-boost|p2a: Empoleon|spa|2\n|move|p2a: Empoleon|Flash Cannon|p1a: Hitmontop\n|-damage|p1a: Hitmontop|0 fnt\n|faint|p1a: Hitmontop\n|\n|-heal|p2a: Empoleon|28\/100|[from] item: Leftovers\n|upkeep\n|c|\u2606Daedra|tera choice is crazy\n|\n|t:|1711937129\n|switch|p1a: Jolteon|Jolteon, F, tera:Ice|39\/100\n|turn|24\n|\n|t:|1711937131\n|move|p1a: Jolteon|Thunderbolt|p2a: Empoleon\n|-supereffective|p2a: Empoleon\n|-damage|p2a: Empoleon|0 fnt\n|faint|p2a: Empoleon\n|\n|win|coalmander\n|raw|coalmander's rating: 1283 &rarr; <strong>1312<\/strong><br \/>(+29 for winning)\n|raw|Daedra's rating: 1343 &rarr; <strong>1320<\/strong><br \/>(-23 for losing)\n|l|\u2606Daedra\n|player|p2|\n|c|\u2606coalmander|indeed\n|l|\u2606coalmander\n|player|p1|\n","uploadtime":1711937501,"views":0,"formatid":"gen9ru","rating":1312,"private":0,"password":null}