{"id":"gen9ru-2093295672","format":"[Gen 9] RU","players":["coalmander","SonicBoom2787"],"log":"|j|\u2606coalmander\n|j|\u2606SonicBoom2787\n|t:|1711935845\n|gametype|singles\n|player|p1|coalmander|lucas|1295\n|player|p2|SonicBoom2787|carmine-festival|1387\n|teamsize|p1|6\n|teamsize|p2|6\n|gen|9\n|tier|[Gen 9] RU\n|rated|\n|rule|Species Clause: Limit one of each Pok\u00e9mon\n|rule|OHKO Clause: OHKO moves are banned\n|rule|Evasion Items Clause: Evasion items are banned\n|rule|Evasion Moves Clause: Evasion moves are banned\n|rule|Endless Battle Clause: Forcing endless battles is banned\n|rule|HP Percentage Mod: HP is shown in percentages\n|rule|Sleep Moves Clause: Sleep-inducing moves are banned\n|clearpoke\n|poke|p1|Swampert, M|\n|poke|p1|Jolteon, M|\n|poke|p1|Hitmontop, M|\n|poke|p1|Lycanroc-Dusk, F|\n|poke|p1|Sableye, M|\n|poke|p1|Honchkrow, M|\n|poke|p2|Torterra, F|\n|poke|p2|Salamence, F|\n|poke|p2|Thundurus-Therian, M|\n|poke|p2|Azelf|\n|poke|p2|Entei|\n|poke|p2|Okidogi, M|\n|teampreview\n|inactive|Battle timer is ON: inactive players will automatically lose when time's up. (requested by SonicBoom2787)\n|\n|t:|1711935882\n|start\n|switch|p1a: Sableye|Sableye, M|100\/100\n|switch|p2a: Okidogi|Okidogi, M|100\/100\n|turn|1\n|\n|t:|1711935896\n|switch|p2a: Entei|Entei|100\/100\n|move|p1a: Sableye|Will-O-Wisp|p2a: Entei\n|-immune|p2a: Entei\n|\n|upkeep\n|turn|2\n|\n|t:|1711935906\n|move|p1a: Sableye|Thunder Wave|p2a: Entei\n|-status|p2a: Entei|par\n|move|p2a: Entei|Sacred Fire|p1a: Sableye\n|-damage|p1a: Sableye|0 fnt\n|faint|p1a: Sableye\n|\n|upkeep\n|\n|t:|1711935926\n|switch|p1a: Swampert|Swampert, M|100\/100\n|turn|3\n|\n|t:|1711935933\n|switch|p2a: Thundurus|Thundurus-Therian, M|100\/100\n|switch|p1a: Lycanroc|Lycanroc-Dusk, F|100\/100\n|\n|upkeep\n|turn|4\n|\n|t:|1711935952\n|-terastallize|p2a: Thundurus|Electric\n|move|p1a: Lycanroc|Accelerock|p2a: Thundurus\n|-damage|p2a: Thundurus|40\/100\n|move|p2a: Thundurus|Thunderbolt|p1a: Lycanroc\n|-damage|p1a: Lycanroc|0 fnt\n|faint|p1a: Lycanroc\n|\n|upkeep\n|\n|t:|1711935962\n|switch|p1a: Honchkrow|Honchkrow, M|100\/100\n|turn|5\n|\n|t:|1711935986\n|switch|p2a: Entei|Entei|100\/100 par\n|switch|p1a: Jolteon|Jolteon, M|100\/100\n|\n|upkeep\n|turn|6\n|\n|t:|1711935992\n|move|p1a: Jolteon|Volt Switch|p2a: Entei\n|-damage|p2a: Entei|62\/100 par\n|\n|t:|1711935995\n|switch|p1a: Swampert|Swampert, M|100\/100|[from] Volt Switch\n|cant|p2a: Entei|par\n|\n|upkeep\n|turn|7\n|\n|t:|1711936002\n|move|p2a: Entei|Sacred Fire|p1a: Swampert\n|-resisted|p1a: Swampert\n|-damage|p1a: Swampert|69\/100\n|-status|p1a: Swampert|brn\n|move|p1a: Swampert|Stealth Rock|p2a: Entei\n|-sidestart|p2: SonicBoom2787|move: Stealth Rock\n|\n|-heal|p1a: Swampert|75\/100 brn|[from] item: Leftovers\n|-damage|p1a: Swampert|69\/100 brn|[from] brn\n|upkeep\n|turn|8\n|\n|t:|1711936008\n|cant|p2a: Entei|par\n|move|p1a: Swampert|Earthquake|p2a: Entei\n|-supereffective|p2a: Entei\n|-damage|p2a: Entei|22\/100 par\n|\n|-heal|p1a: Swampert|75\/100 brn|[from] item: Leftovers\n|-damage|p1a: Swampert|69\/100 brn|[from] brn\n|upkeep\n|turn|9\n|\n|t:|1711936016\n|move|p2a: Entei|Sacred Fire|p1a: Swampert\n|-resisted|p1a: Swampert\n|-damage|p1a: Swampert|33\/100 brn\n|move|p1a: Swampert|Earthquake|p2a: Entei\n|-supereffective|p2a: Entei\n|-crit|p2a: Entei\n|-damage|p2a: Entei|0 fnt\n|faint|p2a: Entei\n|\n|-heal|p1a: Swampert|39\/100 brn|[from] item: Leftovers\n|-damage|p1a: Swampert|33\/100 brn|[from] brn\n|upkeep\n|\n|t:|1711936018\n|switch|p2a: Okidogi|Okidogi, M|100\/100\n|-damage|p2a: Okidogi|94\/100|[from] Stealth Rock\n|turn|10\n|\n|t:|1711936023\n|move|p2a: Okidogi|Bulk Up|p2a: Okidogi\n|-boost|p2a: Okidogi|atk|1\n|-boost|p2a: Okidogi|def|1\n|move|p1a: Swampert|Earthquake|p2a: Okidogi\n|-supereffective|p2a: Okidogi\n|-damage|p2a: Okidogi|75\/100\n|\n|-heal|p2a: Okidogi|81\/100|[from] item: Leftovers\n|-heal|p1a: Swampert|39\/100 brn|[from] item: Leftovers\n|-damage|p1a: Swampert|33\/100 brn|[from] brn\n|upkeep\n|turn|11\n|\n|t:|1711936026\n|move|p2a: Okidogi|Bulk Up|p2a: Okidogi\n|-boost|p2a: Okidogi|atk|1\n|-boost|p2a: Okidogi|def|1\n|move|p1a: Swampert|Roar|p2a: Okidogi\n|drag|p2a: Torterra|Torterra, F|100\/100\n|-damage|p2a: Torterra|94\/100|[from] Stealth Rock\n|\n|-heal|p1a: Swampert|39\/100 brn|[from] item: Leftovers\n|-damage|p1a: Swampert|33\/100 brn|[from] brn\n|upkeep\n|turn|12\n|\n|t:|1711936035\n|move|p2a: Torterra|Bullet Seed|p1a: Swampert\n|-supereffective|p1a: Swampert\n|-damage|p1a: Swampert|0 fnt\n|faint|p1a: Swampert\n|-hitcount|p1: Swampert|1\n|\n|upkeep\n|\n|t:|1711936040\n|switch|p1a: Honchkrow|Honchkrow, M|100\/100\n|turn|13\n|\n|t:|1711936046\n|switch|p2a: Thundurus|Thundurus-Therian, M, tera:Electric|40\/100\n|move|p1a: Honchkrow|Brave Bird|p2a: Thundurus\n|-resisted|p2a: Thundurus\n|-crit|p2a: Thundurus\n|-damage|p2a: Thundurus|0 fnt\n|faint|p2a: Thundurus\n|-ability|p1a: Honchkrow|Moxie|boost\n|-boost|p1a: Honchkrow|atk|1\n|-damage|p1a: Honchkrow|91\/100|[from] Recoil\n|\n|upkeep\n|\n|t:|1711936049\n|switch|p2a: Azelf|Azelf|100\/100\n|-damage|p2a: Azelf|88\/100|[from] Stealth Rock\n|turn|14\n|\n|t:|1711936060\n|move|p1a: Honchkrow|Sucker Punch||[still]\n|-fail|p1a: Honchkrow\n|move|p2a: Azelf|Trick|p1a: Honchkrow\n|-activate|p2a: Azelf|move: Trick|[of] p1a: Honchkrow\n|-item|p1a: Honchkrow|Choice Scarf|[from] move: Trick\n|-item|p2a: Azelf|Heavy-Duty Boots|[from] move: Trick\n|\n|upkeep\n|turn|15\n|\n|t:|1711936075\n|move|p2a: Azelf|Dazzling Gleam|p1a: Honchkrow\n|-supereffective|p1a: Honchkrow\n|-damage|p1a: Honchkrow|21\/100\n|move|p1a: Honchkrow|Brave Bird|p2a: Azelf\n|-damage|p2a: Azelf|0 fnt\n|faint|p2a: Azelf\n|-ability|p1a: Honchkrow|Moxie|boost\n|-boost|p1a: Honchkrow|atk|1\n|-damage|p1a: Honchkrow|0 fnt|[from] Recoil\n|faint|p1a: Honchkrow\n|\n|upkeep\n|\n|t:|1711936088\n|switch|p2a: Okidogi|Okidogi, M|81\/100\n|switch|p1a: Jolteon|Jolteon, M|100\/100\n|-damage|p2a: Okidogi|75\/100|[from] Stealth Rock\n|turn|16\n|\n|t:|1711936093\n|move|p1a: Jolteon|Volt Switch|p2a: Okidogi\n|-damage|p2a: Okidogi|42\/100\n|\n|t:|1711936095\n|switch|p1a: Hitmontop|Hitmontop, M|100\/100|[from] Volt Switch\n|-ability|p1a: Hitmontop|Intimidate|boost\n|-unboost|p2a: Okidogi|atk|1\n|move|p2a: Okidogi|Drain Punch|p1a: Hitmontop\n|-damage|p1a: Hitmontop|72\/100\n|-heal|p2a: Okidogi|54\/100|[from] drain|[of] p1a: Hitmontop\n|\n|-heal|p2a: Okidogi|60\/100|[from] item: Leftovers\n|-heal|p1a: Hitmontop|78\/100|[from] item: Leftovers\n|upkeep\n|turn|17\n|\n|t:|1711936109\n|switch|p1a: Jolteon|Jolteon, M|100\/100\n|move|p2a: Okidogi|Knock Off|p1a: Jolteon\n|-damage|p1a: Jolteon|54\/100\n|-enditem|p1a: Jolteon|Choice Scarf|[from] move: Knock Off|[of] p2a: Okidogi\n|\n|-heal|p2a: Okidogi|66\/100|[from] item: Leftovers\n|upkeep\n|turn|18\n|\n|t:|1711936118\n|move|p1a: Jolteon|Volt Switch|p2a: Okidogi\n|-damage|p2a: Okidogi|33\/100\n|\n|t:|1711936121\n|switch|p1a: Hitmontop|Hitmontop, M|78\/100|[from] Volt Switch\n|-ability|p1a: Hitmontop|Intimidate|boost\n|-unboost|p2a: Okidogi|atk|1\n|move|p2a: Okidogi|Poison Jab|p1a: Hitmontop\n|-damage|p1a: Hitmontop|57\/100\n|-status|p1a: Hitmontop|tox|[from] ability: Toxic Chain|[of] p2a: Okidogi\n|\n|-heal|p2a: Okidogi|39\/100|[from] item: Leftovers\n|-heal|p1a: Hitmontop|64\/100 tox|[from] item: Leftovers\n|-damage|p1a: Hitmontop|57\/100 tox|[from] psn\n|upkeep\n|turn|19\n|\n|t:|1711936128\n|switch|p2a: Torterra|Torterra, F|94\/100\n|-damage|p2a: Torterra|88\/100|[from] Stealth Rock\n|move|p1a: Hitmontop|Close Combat|p2a: Torterra\n|-damage|p2a: Torterra|43\/100\n|-unboost|p1a: Hitmontop|def|1\n|-unboost|p1a: Hitmontop|spd|1\n|\n|-heal|p1a: Hitmontop|64\/100 tox|[from] item: Leftovers\n|-damage|p1a: Hitmontop|51\/100 tox|[from] psn\n|upkeep\n|turn|20\n|\n|t:|1711936133\n|move|p2a: Torterra|Bullet Seed|p1a: Hitmontop\n|-damage|p1a: Hitmontop|34\/100 tox\n|-damage|p1a: Hitmontop|18\/100 tox\n|-damage|p1a: Hitmontop|0 fnt\n|faint|p1a: Hitmontop\n|-hitcount|p1: Hitmontop|3\n|\n|upkeep\n|\n|t:|1711936140\n|switch|p1a: Jolteon|Jolteon, M|54\/100\n|turn|21\n|\n|t:|1711936145\n|-terastallize|p1a: Jolteon|Ice\n|move|p1a: Jolteon|Tera Blast|p2a: Torterra|[anim] Tera Blast Ice\n|-supereffective|p2a: Torterra\n|-damage|p2a: Torterra|0 fnt\n|faint|p2a: Torterra\n|\n|upkeep\n|\n|t:|1711936149\n|switch|p2a: Okidogi|Okidogi, M|39\/100\n|-damage|p2a: Okidogi|33\/100|[from] Stealth Rock\n|turn|22\n|\n|t:|1711936152\n|move|p1a: Jolteon|Tera Blast|p2a: Okidogi|[anim] Tera Blast Ice\n|-damage|p2a: Okidogi|0 fnt\n|faint|p2a: Okidogi\n|\n|upkeep\n|\n|t:|1711936155\n|switch|p2a: Salamence|Salamence, F|100\/100\n|-damage|p2a: Salamence|76\/100|[from] Stealth Rock\n|turn|23\n|\n|t:|1711936157\n|move|p1a: Jolteon|Tera Blast|p2a: Salamence|[anim] Tera Blast Ice\n|-supereffective|p2a: Salamence\n|-damage|p2a: Salamence|0 fnt\n|faint|p2a: Salamence\n|\n|win|coalmander\n|raw|coalmander's rating: 1295 &rarr; <strong>1326<\/strong><br \/>(+31 for winning)\n|raw|SonicBoom2787's rating: 1387 &rarr; <strong>1362<\/strong><br \/>(-25 for losing)\n|l|\u2606SonicBoom2787\n|player|p2|\n|l|\u2606coalmander\n|player|p1|\n","uploadtime":1711936554,"views":0,"formatid":"gen9ru","rating":1326,"private":0,"password":null}