|j|☆Ricky555
|j|☆Pacharaka
|t:|1711935050
|gametype|singles
|player|p1|Ricky555|102|1148
|player|p2|Pacharaka|alder|1070
|teamsize|p1|6
|teamsize|p2|6
|gen|9
|tier|[Gen 9] RU
|rated|
|rule|Species Clause: Limit one of each Pokémon
|rule|OHKO Clause: OHKO moves are banned
|rule|Evasion Items Clause: Evasion items are banned
|rule|Evasion Moves Clause: Evasion moves are banned
|rule|Endless Battle Clause: Forcing endless battles is banned
|rule|HP Percentage Mod: HP is shown in percentages
|rule|Sleep Moves Clause: Sleep-inducing moves are banned
|clearpoke
|poke|p1|Gyarados, M|
|poke|p1|Azelf|
|poke|p1|Moltres|
|poke|p1|Suicune|
|poke|p1|Lilligant-Hisui, F|
|poke|p1|Enamorus-Therian, F|
|poke|p2|Basculegion, M|
|poke|p2|Gallade, M|
|poke|p2|Regirock|
|poke|p2|Thwackey, M|
|poke|p2|Delphox, F|
|poke|p2|Sceptile, F|
|teampreview
|
|t:|1711935081
|start
|switch|p1a: Enamorus|Enamorus-Therian, F|100/100
|switch|p2a: Thwackey|Thwackey, M, shiny|100/100
|-fieldstart|move: Grassy Terrain|[from] ability: Grassy Surge|[of] p2a: Thwackey
|turn|1
|
|t:|1711935088
|move|p2a: Thwackey|Taunt|p1a: Enamorus
|-start|p1a: Enamorus|move: Taunt
|cant|p1a: Enamorus|move: Taunt|Agility
|
|upkeep
|turn|2
|
|t:|1711935094
|move|p2a: Thwackey|U-turn|p1a: Enamorus
|-resisted|p1a: Enamorus
|-damage|p1a: Enamorus|96/100
|
|t:|1711935113
|switch|p2a: Sceptile|Sceptile, F, shiny|100/100|[from] U-turn
|-enditem|p2a: Sceptile|Grassy Seed
|-boost|p2a: Sceptile|def|1|[from] item: Grassy Seed
|move|p1a: Enamorus|Draining Kiss|p2a: Sceptile
|-damage|p2a: Sceptile|66/100
|-heal|p1a: Enamorus|100/100|[from] drain|[of] p2a: Sceptile
|
|-heal|p2a: Sceptile|73/100|[from] Grassy Terrain
|upkeep
|turn|3
|
|t:|1711935128
|move|p2a: Sceptile|Swords Dance|p2a: Sceptile
|-boost|p2a: Sceptile|atk|2
|move|p1a: Enamorus|Draining Kiss|p2a: Sceptile
|-damage|p2a: Sceptile|39/100
|
|-heal|p2a: Sceptile|45/100|[from] Grassy Terrain
|-end|p1a: Enamorus|move: Taunt
|upkeep
|turn|4
|
|t:|1711935156
|move|p2a: Sceptile|Swords Dance|p2a: Sceptile
|-boost|p2a: Sceptile|atk|2
|move|p1a: Enamorus|Draining Kiss|p2a: Sceptile
|-damage|p2a: Sceptile|10/100
|
|-heal|p2a: Sceptile|16/100|[from] Grassy Terrain
|upkeep
|turn|5
|inactive|Battle timer is ON: inactive players will automatically lose when time's up. (requested by Ricky555)
|
|t:|1711935163
|-terastallize|p2a: Sceptile|Rock
|move|p2a: Sceptile|Rock Slide|p1a: Enamorus|[miss]
|-miss|p2a: Sceptile|p1a: Enamorus
|move|p1a: Enamorus|Draining Kiss|p2a: Sceptile
|-damage|p2a: Sceptile|0 fnt
|faint|p2a: Sceptile
|
|upkeep
|
|t:|1711935185
|switch|p2a: Basculegion|Basculegion, M, shiny|100/100
|turn|6
|
|t:|1711935192
|move|p2a: Basculegion|Head Smash|p1a: Enamorus|[miss]
|-miss|p2a: Basculegion|p1a: Enamorus
|move|p1a: Enamorus|Agility|p1a: Enamorus
|-boost|p1a: Enamorus|spe|2
|
|upkeep
|turn|7
|
|t:|1711935199
|-terastallize|p1a: Enamorus|Fairy
|move|p1a: Enamorus|Calm Mind|p1a: Enamorus
|-boost|p1a: Enamorus|spa|1
|-boost|p1a: Enamorus|spd|1
|move|p2a: Basculegion|Head Smash|p1a: Enamorus
|-damage|p1a: Enamorus|19/100
|-damage|p2a: Basculegion|70/100|[from] Recoil
|
|-heal|p1a: Enamorus|25/100|[from] Grassy Terrain
|-heal|p2a: Basculegion|76/100|[from] Grassy Terrain
|upkeep
|turn|8
|
|t:|1711935209
|move|p1a: Enamorus|Draining Kiss|p2a: Basculegion
|-damage|p2a: Basculegion|0 fnt
|-heal|p1a: Enamorus|99/100|[from] drain|[of] p2a: Basculegion
|faint|p2a: Basculegion
|
|-heal|p1a: Enamorus|100/100|[from] Grassy Terrain
|-fieldend|move: Grassy Terrain
|upkeep
|-message|Pacharaka forfeited.
|
|win|Ricky555
|raw|Ricky555's rating: 1163 &rarr; <strong>1181</strong><br />(+18 for winning)
|raw|Pacharaka's rating: 1070 &rarr; <strong>1055</strong><br />(-15 for losing)
|l|☆Pacharaka
|player|p2|
