{"id":"gen9mixandmega-2092906023","format":"[Gen 9] Mix and Mega","players":["Tunderboltz456","Monster Ou"],"log":"|j|\u2606Tunderboltz456\n|j|\u2606Monster Ou\n|t:|1711888577\n|gametype|singles\n|player|p1|Tunderboltz456|drayton|1357\n|player|p2|Monster Ou|102|1319\n|teamsize|p1|6\n|teamsize|p2|6\n|gen|9\n|tier|[Gen 9] Mix and Mega\n|rated|\n|rule|Species Clause: Limit one of each Pok\u00e9mon\n|rule|OHKO Clause: OHKO moves are banned\n|rule|Evasion Moves Clause: Evasion moves are banned\n|rule|Endless Battle Clause: Forcing endless battles is banned\n|rule|HP Percentage Mod: HP is shown in percentages\n|rule|Evasion Items Clause: Evasion items are banned\n|rule|Evasion Abilities Clause: Evasion abilities are banned\n|rule|Sleep Moves Clause: Sleep-inducing moves are banned\n|rule|Terastal Clause: You cannot Terastallize\n|clearpoke\n|poke|p1|Haxorus, M|\n|poke|p1|Samurott-Hisui, M|\n|poke|p1|Dragonite, F|\n|poke|p1|Hatterene, F|\n|poke|p1|Metagross|\n|poke|p1|Thundurus-Therian, M|\n|poke|p2|Magearna|\n|poke|p2|Meowscarada, M|\n|poke|p2|Corviknight, M|\n|poke|p2|Clodsire, M|\n|poke|p2|Ho-Oh|\n|poke|p2|Baxcalibur, F|\n|teampreview\n|inactive|Battle timer is ON: inactive players will automatically lose when time's up. (requested by Tunderboltz456)\n|c|\u2606Tunderboltz456|glhf\n|\n|t:|1711888590\n|start\n|switch|p1a: Chronos|Metagross, shiny|100\/100\n|switch|p2a: Meowscarada|Meowscarada, M|100\/100\n|turn|1\n|\n|t:|1711888607\n|detailschange|p2a: Meowscarada|Meowscarada, M\n|-mega|p2a: Meowscarada|Meowscarada|Metagrossite\n|-start|p2a: Meowscarada|Metagrossite|[silent]\n|detailschange|p1a: Chronos|Metagross-Mega, shiny\n|-mega|p1a: Chronos|Metagross|Metagrossite\n|move|p2a: Meowscarada|U-turn|p1a: Chronos\n|-damage|p1a: Chronos|74\/100\n|\n|t:|1711888616\n|-end|p2a: Meowscarada|Metagrossite|[silent]\n|switch|p2a: Corviknight|Corviknight, M|100\/100|[from] U-turn\n|-ability|p2a: Corviknight|Pressure\n|move|p1a: Chronos|Heavy Slam|p2a: Corviknight\n|-resisted|p2a: Corviknight\n|-damage|p2a: Corviknight|73\/100\n|\n|upkeep\n|turn|2\n|\n|t:|1711888620\n|detailschange|p2a: Corviknight|Corviknight, M\n|-mega|p2a: Corviknight|Corviknight|Slowbronite\n|-start|p2a: Corviknight|Slowbronite|[silent]\n|move|p1a: Chronos|Thunder Punch|p2a: Corviknight\n|-supereffective|p2a: Corviknight\n|-damage|p2a: Corviknight|44\/100\n|move|p2a: Corviknight|Iron Defense|p2a: Corviknight\n|-boost|p2a: Corviknight|def|2\n|\n|upkeep\n|turn|3\n|\n|t:|1711888625\n|switch|p1a: Enel|Thundurus-Therian, M|100\/100\n|detailschange|p1a: Enel|Thundurus-Therian, M\n|-primal|p1a: Enel|Red Orb\n|-weather|DesolateLand|[from] ability: Desolate Land|[of] p1a: Enel\n|-start|p1a: Enel|Red Orb|[silent]\n|-start|p1a: Enel|typechange|Electric\/Fire|[silent]\n|move|p2a: Corviknight|Roost|p2a: Corviknight\n|-heal|p2a: Corviknight|94\/100\n|-singleturn|p2a: Corviknight|move: Roost\n|\n|-weather|DesolateLand|[upkeep]\n|upkeep\n|turn|4\n|\n|t:|1711888631\n|-end|p2a: Corviknight|Slowbronite|[silent]\n|switch|p2a: Clodsire|Clodsire, M|100\/100\n|move|p1a: Enel|Weather Ball|p2a: Clodsire\n|-damage|p2a: Clodsire|40\/100\n|\n|-weather|DesolateLand|[upkeep]\n|upkeep\n|turn|5\n|\n|t:|1711888633\n|detailschange|p2a: Clodsire|Clodsire, M\n|-mega|p2a: Clodsire|Clodsire|Sablenite\n|-start|p2a: Clodsire|Sablenite|[silent]\n|move|p1a: Enel|Weather Ball|p2a: Clodsire\n|-damage|p2a: Clodsire|0 fnt\n|faint|p2a: Clodsire\n|\n|-weather|DesolateLand|[upkeep]\n|upkeep\n|\n|t:|1711888642\n|switch|p2a: Baxcalibur|Baxcalibur, F|100\/100\n|turn|6\n|\n|t:|1711888647\n|-end|p1a: Enel|Red Orb|[silent]\n|-weather|none\n|switch|p1a: Chronos|Metagross-Mega, shiny|74\/100\n|detailschange|p2a: Baxcalibur|Baxcalibur, F\n|-mega|p2a: Baxcalibur|Baxcalibur|Glalitite\n|-start|p2a: Baxcalibur|Glalitite|[silent]\n|move|p2a: Baxcalibur|Earthquake|p1a: Chronos\n|-supereffective|p1a: Chronos\n|-damage|p1a: Chronos|6\/100\n|\n|upkeep\n|turn|7\n|\n|t:|1711888654\n|-end|p2a: Baxcalibur|Glalitite|[silent]\n|switch|p2a: Corviknight|Corviknight, M|94\/100\n|-start|p2a: Corviknight|Slowbronite|[silent]\n|move|p1a: Chronos|Heavy Slam|p2a: Corviknight\n|-resisted|p2a: Corviknight\n|-damage|p2a: Corviknight|75\/100\n|\n|upkeep\n|turn|8\n|\n|t:|1711888659\n|move|p1a: Chronos|Thunder Punch|p2a: Corviknight\n|-supereffective|p2a: Corviknight\n|-damage|p2a: Corviknight|47\/100\n|move|p2a: Corviknight|Body Press|p1a: Chronos\n|-damage|p1a: Chronos|0 fnt\n|faint|p1a: Chronos\n|\n|upkeep\n|\n|t:|1711888667\n|switch|p1a: Nero|Samurott-Hisui, M|100\/100\n|turn|9\n|\n|t:|1711888669\n|detailschange|p1a: Nero|Samurott-Hisui, M\n|-mega|p1a: Nero|Samurott|Aerodactylite\n|-start|p1a: Nero|Aerodactylite|[silent]\n|move|p1a: Nero|Ceaseless Edge|p2a: Corviknight\n|-damage|p2a: Corviknight|28\/100\n|-sidestart|p2: Monster Ou|Spikes\n|move|p2a: Corviknight|Roost|p2a: Corviknight\n|-heal|p2a: Corviknight|78\/100\n|-singleturn|p2a: Corviknight|move: Roost\n|\n|upkeep\n|turn|10\n|\n|t:|1711888676\n|-end|p1a: Nero|Aerodactylite|[silent]\n|switch|p1a: Enel|Thundurus-Therian, M|100\/100\n|-start|p1a: Enel|Red Orb|[silent]\n|-start|p1a: Enel|typechange|Electric\/Fire|[silent]\n|-weather|DesolateLand|[from] ability: Desolate Land|[of] p1a: Enel\n|move|p2a: Corviknight|Iron Defense|p2a: Corviknight\n|-boost|p2a: Corviknight|def|2\n|\n|-weather|DesolateLand|[upkeep]\n|upkeep\n|turn|11\n|\n|t:|1711888681\n|-end|p2a: Corviknight|Slowbronite|[silent]\n|switch|p2a: Ho-Oh|Ho-Oh|100\/100\n|move|p1a: Enel|Thunderbolt|p2a: Ho-Oh\n|-supereffective|p2a: Ho-Oh\n|-damage|p2a: Ho-Oh|41\/100\n|\n|-weather|DesolateLand|[upkeep]\n|upkeep\n|turn|12\n|\n|t:|1711888690\n|move|p1a: Enel|Thunderbolt|p2a: Ho-Oh\n|-supereffective|p2a: Ho-Oh\n|-damage|p2a: Ho-Oh|0 fnt\n|faint|p2a: Ho-Oh\n|\n|-weather|DesolateLand|[upkeep]\n|upkeep\n|\n|t:|1711888691\n|switch|p2a: Baxcalibur|Baxcalibur, F|100\/100\n|-start|p2a: Baxcalibur|Glalitite|[silent]\n|-damage|p2a: Baxcalibur|88\/100|[from] Spikes\n|turn|13\n|\n|t:|1711888699\n|-end|p1a: Enel|Red Orb|[silent]\n|-weather|none\n|switch|p1a: Nero|Samurott-Hisui, M|100\/100\n|-start|p1a: Nero|Aerodactylite|[silent]\n|move|p2a: Baxcalibur|Body Slam|p1a: Nero\n|-resisted|p1a: Nero\n|-damage|p1a: Nero|64\/100\n|\n|upkeep\n|turn|14\n|\n|t:|1711888704\n|move|p2a: Baxcalibur|Glaive Rush|p1a: Nero\n|-damage|p1a: Nero|0 fnt\n|-singlemove|p2a: Baxcalibur|Glaive Rush|[silent]\n|faint|p1a: Nero\n|\n|upkeep\n|\n|t:|1711888709\n|switch|p1a: Aurora|Dragonite, F|100\/100\n|turn|15\n|\n|t:|1711888711\n|-end|p2a: Baxcalibur|Glalitite|[silent]\n|switch|p2a: Corviknight|Corviknight, M|78\/100\n|-start|p2a: Corviknight|Slowbronite|[silent]\n|detailschange|p1a: Aurora|Dragonite, F\n|-mega|p1a: Aurora|Dragonite|Altarianite\n|-start|p1a: Aurora|Altarianite|[silent]\n|-start|p1a: Aurora|typechange|Dragon\/Fairy|[silent]\n|move|p1a: Aurora|Extreme Speed|p2a: Corviknight\n|-resisted|p2a: Corviknight\n|-damage|p2a: Corviknight|65\/100\n|\n|upkeep\n|turn|16\n|\n|t:|1711888717\n|-end|p1a: Aurora|Altarianite|[silent]\n|switch|p1a: Teresa|Hatterene, F|100\/100\n|move|p2a: Corviknight|Iron Defense|p2a: Corviknight\n|-boost|p2a: Corviknight|def|2\n|\n|upkeep\n|turn|17\n|\n|t:|1711888720\n|-end|p2a: Corviknight|Slowbronite|[silent]\n|switch|p2a: Magearna|Magearna|100\/100\n|-damage|p2a: Magearna|88\/100|[from] Spikes\n|detailschange|p1a: Teresa|Hatterene, F\n|-mega|p1a: Teresa|Hatterene|Absolite\n|-start|p1a: Teresa|Absolite|[silent]\n|move|p1a: Teresa|Calm Mind|p1a: Teresa\n|-boost|p1a: Teresa|spa|1\n|-boost|p1a: Teresa|spd|1\n|\n|upkeep\n|turn|18\n|\n|t:|1711888723\n|detailschange|p2a: Magearna|Magearna\n|-mega|p2a: Magearna|Magearna|Latiasite\n|-start|p2a: Magearna|Latiasite|[silent]\n|move|p1a: Teresa|Mystical Fire|p2a: Magearna\n|-supereffective|p2a: Magearna\n|-damage|p2a: Magearna|22\/100\n|-unboost|p2a: Magearna|spa|1\n|move|p2a: Magearna|Calm Mind|p2a: Magearna\n|-boost|p2a: Magearna|spa|1\n|-boost|p2a: Magearna|spd|1\n|\n|upkeep\n|turn|19\n|\n|t:|1711888732\n|move|p1a: Teresa|Mystical Fire|p2a: Magearna\n|-supereffective|p2a: Magearna\n|-damage|p2a: Magearna|0 fnt\n|faint|p2a: Magearna\n|\n|upkeep\n|\n|t:|1711888734\n|switch|p2a: Baxcalibur|Baxcalibur, F|88\/100\n|-start|p2a: Baxcalibur|Glalitite|[silent]\n|-damage|p2a: Baxcalibur|76\/100|[from] Spikes\n|turn|20\n|\n|t:|1711888736\n|move|p2a: Baxcalibur|Body Slam|p1a: Teresa\n|-damage|p1a: Teresa|41\/100\n|-status|p1a: Teresa|par\n|cant|p1a: Teresa|par\n|\n|upkeep\n|turn|21\n|c|\u2606Tunderboltz456|dayum\n|\n|t:|1711888743\n|move|p2a: Baxcalibur|Body Slam|p1a: Teresa\n|-damage|p1a: Teresa|0 fnt\n|faint|p1a: Teresa\n|\n|upkeep\n|\n|t:|1711888746\n|switch|p1a: Aurora|Dragonite, F|100\/100\n|-start|p1a: Aurora|Altarianite|[silent]\n|-start|p1a: Aurora|typechange|Dragon\/Fairy|[silent]\n|turn|22\n|\n|t:|1711888748\n|move|p1a: Aurora|Extreme Speed|p2a: Baxcalibur\n|-supereffective|p2a: Baxcalibur\n|-damage|p2a: Baxcalibur|0 fnt\n|faint|p2a: Baxcalibur\n|\n|upkeep\n|\n|t:|1711888751\n|switch|p2a: Corviknight|Corviknight, M|65\/100\n|-start|p2a: Corviknight|Slowbronite|[silent]\n|turn|23\n|\n|t:|1711888754\n|-end|p1a: Aurora|Altarianite|[silent]\n|switch|p1a: Enel|Thundurus-Therian, M|100\/100\n|-start|p1a: Enel|Red Orb|[silent]\n|-start|p1a: Enel|typechange|Electric\/Fire|[silent]\n|-weather|DesolateLand|[from] ability: Desolate Land|[of] p1a: Enel\n|move|p2a: Corviknight|Body Press|p1a: Enel\n|-damage|p1a: Enel|54\/100\n|\n|-weather|DesolateLand|[upkeep]\n|upkeep\n|turn|24\n|-message|Monster Ou forfeited.\n|\n|win|Tunderboltz456\n|raw|Tunderboltz456's rating: 1357 &rarr; <strong>1375<\/strong><br \/>(+18 for winning)\n|raw|Monster Ou's rating: 1319 &rarr; <strong>1301<\/strong><br \/>(-18 for losing)\n|l|\u2606Monster Ou\n|player|p2|\n","uploadtime":1711888762,"views":0,"formatid":"gen9mixandmega","rating":1301,"private":0,"password":null}