{"id":"gen9mixandmega-2093045287","format":"[Gen 9] Mix and Mega","players":["gyma2008","H4ruto"],"log":"|j|\u2606gyma2008\n|j|\u2606H4ruto\n|t:|1711906756\n|gametype|singles\n|player|p1|gyma2008|102|\n|player|p2|H4ruto|yellow|\n|teamsize|p1|6\n|teamsize|p2|6\n|gen|9\n|tier|[Gen 9] Mix and Mega\n|rated|Tournament battle\n|rule|Species Clause: Limit one of each Pok\u00e9mon\n|rule|OHKO Clause: OHKO moves are banned\n|rule|Evasion Moves Clause: Evasion moves are banned\n|rule|Endless Battle Clause: Forcing endless battles is banned\n|rule|HP Percentage Mod: HP is shown in percentages\n|rule|Evasion Items Clause: Evasion items are banned\n|rule|Evasion Abilities Clause: Evasion abilities are banned\n|rule|Terastal Clause: You cannot Terastallize\n|rule|Sleep Clause Mod: Limit one foe put to sleep\n|clearpoke\n|poke|p1|Gastly, L5, M|\n|poke|p1|Growlithe-Hisui, L5, M|\n|poke|p1|Glimmet, L5, M|\n|poke|p1|Vullaby, L5, F|\n|poke|p1|Timburr, L5, M|\n|poke|p1|Elekid, L5, F|\n|poke|p2|Pawniard, L5, F|\n|poke|p2|Sandshrew-Alola, L5, F|\n|poke|p2|Gligar, L5, F|\n|poke|p2|Mienfoo, L5, F|\n|poke|p2|Arrokuda, L5, M|\n|poke|p2|Vullaby, L5, F|\n|teampreview\n|j|%Iolanthe\n|inactive|Battle timer is ON: inactive players will automatically lose when time's up. (requested by gyma2008)\n|c|\u2606H4ruto|gl hf\n|\n|t:|1711906782\n|start\n|switch|p1a: Gastly|Gastly, L5, M|100\/100\n|switch|p2a: Vullaby|Vullaby, L5, F|100\/100\n|turn|1\n|l|%Iolanthe\n|c|\u2606gyma2008|u too\n|inactive|gyma2008 has 120 seconds left.\n|\n|t:|1711906821\n|detailschange|p2a: Vullaby|Vullaby, L5, F\n|-mega|p2a: Vullaby|Vullaby|Sablenite\n|-start|p2a: Vullaby|Sablenite|[silent]\n|move|p1a: Gastly|Dazzling Gleam|p2a: Vullaby\n|-supereffective|p2a: Vullaby\n|-damage|p2a: Vullaby|40\/100\n|move|p2a: Vullaby|Knock Off|p1a: Gastly\n|-supereffective|p1a: Gastly\n|-damage|p1a: Gastly|0 fnt\n|-enditem|p1a: Gastly|Eviolite|[from] move: Knock Off|[of] p2a: Vullaby\n|faint|p1a: Gastly\n|\n|upkeep\n|\n|t:|1711906835\n|switch|p1a: Timburr|Timburr, L5, M|100\/100\n|turn|2\n|\n|t:|1711906839\n|move|p2a: Vullaby|U-turn|p1a: Timburr\n|-resisted|p1a: Timburr\n|-damage|p1a: Timburr|92\/100\n|\n|t:|1711906842\n|-end|p2a: Vullaby|Sablenite|[silent]\n|switch|p2a: Gligar|Gligar, L5, F|100\/100|[from] U-turn\n|move|p1a: Timburr|Ice Punch|p2a: Gligar\n|-supereffective|p2a: Gligar\n|-damage|p2a: Gligar|31\/100\n|\n|upkeep\n|turn|3\n|\n|t:|1711906850\n|move|p2a: Gligar|Dual Wingbeat|p1a: Timburr\n|-supereffective|p1a: Timburr\n|-crit|p1a: Timburr\n|-damage|p1a: Timburr|34\/100\n|-supereffective|p1a: Timburr\n|-damage|p1a: Timburr|0 fnt\n|faint|p1a: Timburr\n|-hitcount|p1: Timburr|2\n|\n|upkeep\n|\n|t:|1711906859\n|switch|p1a: Elekid|Elekid, L5, F|100\/100\n|turn|4\n|\n|t:|1711906868\n|move|p1a: Elekid|Volt Switch|p2a: Gligar\n|-immune|p2a: Gligar\n|move|p2a: Gligar|U-turn|p1a: Elekid\n|-damage|p1a: Elekid|53\/100\n|\n|t:|1711906877\n|switch|p2a: Mienfoo|Mienfoo, L5, F|100\/100|[from] U-turn\n|\n|upkeep\n|turn|5\n|\n|t:|1711906883\n|move|p1a: Elekid|Psychic|p2a: Mienfoo\n|-supereffective|p2a: Mienfoo\n|-damage|p2a: Mienfoo|15\/100\n|-damage|p1a: Elekid|43\/100|[from] item: Life Orb\n|move|p2a: Mienfoo|Knock Off|p1a: Elekid\n|-damage|p1a: Elekid|0 fnt\n|-enditem|p1a: Elekid|Life Orb|[from] move: Knock Off|[of] p2a: Mienfoo\n|faint|p1a: Elekid\n|\n|upkeep\n|\n|t:|1711906892\n|switch|p1a: Vullaby|Vullaby, L5, F|100\/100\n|turn|6\n|j|@TheTrueLtaker\n|\n|t:|1711906900\n|move|p2a: Mienfoo|U-turn|p1a: Vullaby\n|-damage|p1a: Vullaby|79\/100\n|-ability|p1a: Vullaby|Weak Armor|boost\n|-unboost|p1a: Vullaby|def|1\n|-boost|p1a: Vullaby|spe|2\n|\n|t:|1711906906\n|switch|p2a: Gligar|Gligar, L5, F|31\/100|[from] U-turn\n|move|p1a: Vullaby|U-turn|p2a: Gligar\n|-resisted|p2a: Gligar\n|-damage|p2a: Gligar|27\/100\n|\n|t:|1711906916\n|switch|p1a: Glimmet|Glimmet, L5, M|100\/100|[from] U-turn\n|\n|upkeep\n|turn|7\n|\n|t:|1711906923\n|move|p1a: Glimmet|Power Gem|p2a: Gligar\n|-damage|p2a: Gligar|0 fnt\n|faint|p2a: Gligar\n|\n|upkeep\n|\n|t:|1711906928\n|switch|p2a: Arrokuda|Arrokuda, L5, M|100\/100\n|turn|8\n|\n|t:|1711906933\n|detailschange|p2a: Arrokuda|Arrokuda, L5, M\n|-mega|p2a: Arrokuda|Arrokuda|Lopunnite\n|-start|p2a: Arrokuda|Lopunnite|[silent]\n|-start|p2a: Arrokuda|typechange|Water\/Fighting|[silent]\n|move|p2a: Arrokuda|Liquidation|p1a: Glimmet\n|-supereffective|p1a: Glimmet\n|-damage|p1a: Glimmet|0 fnt\n|-activate|p1a: Glimmet|ability: Toxic Debris\n|-sidestart|p2: H4ruto|move: Toxic Spikes\n|faint|p1a: Glimmet\n|\n|upkeep\n|\n|t:|1711906943\n|switch|p1a: Vullaby|Vullaby, L5, F|79\/100\n|turn|9\n|c|\u2606H4ruto|gg\n|\n|t:|1711906948\n|move|p2a: Arrokuda|Flip Turn|p1a: Vullaby\n|-damage|p1a: Vullaby|48\/100\n|-ability|p1a: Vullaby|Weak Armor|boost\n|-unboost|p1a: Vullaby|def|1\n|-boost|p1a: Vullaby|spe|2\n|\n|t:|1711906950\n|-end|p2a: Arrokuda|Lopunnite|[silent]\n|switch|p2a: Sandshrew|Sandshrew-Alola, L5, F|100\/100|[from] Flip Turn\n|move|p1a: Vullaby|Brave Bird|p2a: Sandshrew\n|-resisted|p2a: Sandshrew\n|-damage|p2a: Sandshrew|73\/100\n|-damage|p1a: Vullaby|40\/100|[from] Recoil\n|\n|upkeep\n|turn|10\n|\n|t:|1711906961\n|detailschange|p2a: Sandshrew|Sandshrew-Alola, L5, F\n|-mega|p2a: Sandshrew|Sandshrew|Scizorite\n|-start|p2a: Sandshrew|Scizorite|[silent]\n|move|p2a: Sandshrew|Ice Shard|p1a: Vullaby\n|-supereffective|p1a: Vullaby\n|-damage|p1a: Vullaby|0 fnt\n|faint|p1a: Vullaby\n|\n|upkeep\n|\n|t:|1711906967\n|switch|p1a: Growlithe|Growlithe-Hisui, L5, M|100\/100\n|turn|11\n|\n|t:|1711906975\n|-end|p2a: Sandshrew|Scizorite|[silent]\n|switch|p2a: Vullaby|Vullaby, L5, F|40\/100\n|-start|p2a: Vullaby|Sablenite|[silent]\n|move|p1a: Growlithe|Head Smash|p2a: Vullaby\n|-supereffective|p2a: Vullaby\n|-damage|p2a: Vullaby|0 fnt\n|faint|p2a: Vullaby\n|\n|upkeep\n|\n|t:|1711906981\n|switch|p2a: Arrokuda|Arrokuda, L5, M|100\/100\n|-start|p2a: Arrokuda|Lopunnite|[silent]\n|-start|p2a: Arrokuda|typechange|Water\/Fighting|[silent]\n|-status|p2a: Arrokuda|psn\n|turn|12\n|\n|t:|1711906987\n|move|p2a: Arrokuda|Aqua Jet|p1a: Growlithe\n|-supereffective|p1a: Growlithe\n|-damage|p1a: Growlithe|0 fnt\n|faint|p1a: Growlithe\n|\n|win|H4ruto\n|n|\u2606gyma2008|gyma2008\n|n|\u2606H4ruto|h4ruto\n|n| TheTrueLtaker|thetrueltaker\n","uploadtime":1711906989,"views":0,"formatid":"gen9mixandmega","rating":null,"private":0,"password":null}