{"id":"gen9mixandmega-2093047730","format":"[Gen 9] Mix and Mega","players":["H4ruto","TheTrueLtaker"],"log":"|j|\u2606H4ruto\n|j|\u2606TheTrueLtaker\n|t:|1711907027\n|gametype|singles\n|player|p1|H4ruto|yellow|\n|player|p2|TheTrueLtaker|marnie-masters3|\n|teamsize|p1|6\n|teamsize|p2|6\n|gen|9\n|tier|[Gen 9] Mix and Mega\n|rated|Tournament battle\n|rule|Species Clause: Limit one of each Pok\u00e9mon\n|rule|OHKO Clause: OHKO moves are banned\n|rule|Evasion Moves Clause: Evasion moves are banned\n|rule|Endless Battle Clause: Forcing endless battles is banned\n|rule|HP Percentage Mod: HP is shown in percentages\n|rule|Evasion Items Clause: Evasion items are banned\n|rule|Evasion Abilities Clause: Evasion abilities are banned\n|rule|Terastal Clause: You cannot Terastallize\n|rule|Sleep Clause Mod: Limit one foe put to sleep\n|clearpoke\n|poke|p1|Mienfoo, L5, F|\n|poke|p1|Voltorb-Hisui, L5|\n|poke|p1|Qwilfish-Hisui, L5, M|\n|poke|p1|Pawniard, L5, F|\n|poke|p1|Magby, L5, M|\n|poke|p1|Sandshrew-Alola, L5, F|\n|poke|p2|Toedscool, L5, F|\n|poke|p2|Pawniard, L5, M|\n|poke|p2|Zorua-Hisui, L5, M|\n|poke|p2|Chinchou, L5, M|\n|poke|p2|Quaxly, L5, F|\n|poke|p2|Magnemite, L5|\n|teampreview\n|j|%Iolanthe\n|c|\u2606H4ruto|gl hf\n|c|\u2606TheTrueLtaker|glhf\n|\n|t:|1711907047\n|start\n|switch|p1a: Mienfoo|Mienfoo, L5, F|100\/100\n|switch|p2a: Toedscool|Toedscool, L5, F|100\/100\n|turn|1\n|l|%Iolanthe\n|\n|t:|1711907053\n|detailschange|p2a: Toedscool|Toedscool, L5, F\n|-mega|p2a: Toedscool|Toedscool|Diancite\n|-start|p2a: Toedscool|Diancite|[silent]\n|move|p2a: Toedscool|Knock Off|p1a: Mienfoo\n|-resisted|p1a: Mienfoo\n|-damage|p1a: Mienfoo|86\/100\n|-enditem|p1a: Mienfoo|Eviolite|[from] move: Knock Off|[of] p2a: Toedscool\n|move|p1a: Mienfoo|Knock Off|p2a: Toedscool\n|-supereffective|p2a: Toedscool\n|-crit|p2a: Toedscool\n|-damage|p2a: Toedscool|0 fnt\n|faint|p2a: Toedscool\n|\n|upkeep\n|\n|t:|1711907065\n|switch|p2a: Quaxly|Quaxly, L5, F|100\/100\n|turn|2\n|\n|t:|1711907068\n|detailschange|p2a: Quaxly|Quaxly, L5, F\n|-mega|p2a: Quaxly|Quaxly|Altarianite\n|-start|p2a: Quaxly|Altarianite|[silent]\n|-start|p2a: Quaxly|typechange|Water\/Fairy|[silent]\n|move|p1a: Mienfoo|U-turn|p2a: Quaxly\n|-resisted|p2a: Quaxly\n|-damage|p2a: Quaxly|87\/100\n|\n|t:|1711907076\n|switch|p1a: Qwilfish|Qwilfish-Hisui, L5, M|100\/100|[from] U-turn\n|-ability|p1a: Qwilfish|Intimidate|boost\n|-unboost|p2a: Quaxly|atk|1\n|move|p2a: Quaxly|Rapid Spin|p1a: Qwilfish\n|-damage|p1a: Qwilfish|83\/100\n|-boost|p2a: Quaxly|spe|1\n|\n|upkeep\n|turn|3\n|\n|t:|1711907083\n|-end|p2a: Quaxly|Altarianite|[silent]\n|switch|p2a: Pawniard|Pawniard, L5, M|100\/100\n|move|p1a: Qwilfish|Gunk Shot|p2a: Pawniard\n|-immune|p2a: Pawniard\n|\n|upkeep\n|turn|4\n|\n|t:|1711907091\n|detailschange|p2a: Pawniard|Pawniard, L5, M\n|-mega|p2a: Pawniard|Pawniard|Aerodactylite\n|-start|p2a: Pawniard|Aerodactylite|[silent]\n|move|p1a: Qwilfish|Spikes|p2a: Pawniard\n|-sidestart|p2: TheTrueLtaker|Spikes\n|move|p2a: Pawniard|Iron Head|p1a: Qwilfish\n|-damage|p1a: Qwilfish|40\/100\n|\n|upkeep\n|turn|5\n|\n|t:|1711907099\n|switch|p1a: Voltorb|Voltorb-Hisui, L5|100\/100\n|move|p2a: Pawniard|Iron Head|p1a: Voltorb\n|-resisted|p1a: Voltorb\n|-damage|p1a: Voltorb|58\/100\n|-status|p2a: Pawniard|par|[from] ability: Static|[of] p1a: Voltorb\n|\n|upkeep\n|turn|6\n|\n|t:|1711907105\n|move|p2a: Pawniard|Sucker Punch|p1a: Voltorb\n|-damage|p1a: Voltorb|0 fnt\n|faint|p1a: Voltorb\n|\n|upkeep\n|\n|t:|1711907112\n|switch|p1a: Mienfoo|Mienfoo, L5, F|100\/100\n|turn|7\n|\n|t:|1711907118\n|move|p2a: Pawniard|Sucker Punch|p1a: Mienfoo\n|-resisted|p1a: Mienfoo\n|-crit|p1a: Mienfoo\n|-damage|p1a: Mienfoo|43\/100\n|move|p1a: Mienfoo|Close Combat|p2a: Pawniard\n|-supereffective|p2a: Pawniard\n|-damage|p2a: Pawniard|0 fnt\n|-unboost|p1a: Mienfoo|def|1\n|-unboost|p1a: Mienfoo|spd|1\n|faint|p2a: Pawniard\n|\n|upkeep\n|\n|t:|1711907123\n|switch|p2a: Toedscool|Toedscool, L5, F|100\/100\n|-damage|p2a: Toedscool|90\/100|[from] Spikes\n|turn|8\n|\n|t:|1711907131\n|detailschange|p2a: Toedscool|Toedscool, L5, F\n|-mega|p2a: Toedscool|Toedscool|Pinsirite\n|-start|p2a: Toedscool|Pinsirite|[silent]\n|-start|p2a: Toedscool|typechange|Ground\/Flying|[silent]\n|move|p2a: Toedscool|Tera Blast|p1a: Mienfoo\n|-supereffective|p1a: Mienfoo\n|-damage|p1a: Mienfoo|0 fnt\n|faint|p1a: Mienfoo\n|\n|upkeep\n|\n|t:|1711907134\n|switch|p1a: Sandshrew|Sandshrew-Alola, L5, F|100\/100\n|turn|9\n|\n|t:|1711907141\n|-end|p2a: Toedscool|Pinsirite|[silent]\n|switch|p2a: Quaxly|Quaxly, L5, F|87\/100\n|-start|p2a: Quaxly|Altarianite|[silent]\n|-start|p2a: Quaxly|typechange|Water\/Fairy|[silent]\n|-damage|p2a: Quaxly|78\/100|[from] Spikes\n|detailschange|p1a: Sandshrew|Sandshrew-Alola, L5, F\n|-mega|p1a: Sandshrew|Sandshrew|Scizorite\n|-start|p1a: Sandshrew|Scizorite|[silent]\n|move|p1a: Sandshrew|Triple Axel|p2a: Quaxly\n|-resisted|p2a: Quaxly\n|-damage|p2a: Quaxly|64\/100\n|-resisted|p2a: Quaxly\n|-damage|p2a: Quaxly|41\/100\n|-resisted|p2a: Quaxly\n|-damage|p2a: Quaxly|10\/100\n|-hitcount|p2a: Quaxly|3\n|\n|upkeep\n|turn|10\n|\n|t:|1711907145\n|move|p1a: Sandshrew|Ice Shard|p2a: Quaxly\n|-resisted|p2a: Quaxly\n|-damage|p2a: Quaxly|0 fnt\n|faint|p2a: Quaxly\n|\n|upkeep\n|\n|t:|1711907164\n|switch|p2a: Magnemite|Magnemite, L5|100\/100\n|-damage|p2a: Magnemite|90\/100|[from] Spikes\n|turn|11\n|\n|t:|1711907171\n|detailschange|p2a: Magnemite|Magnemite, L5\n|-mega|p2a: Magnemite|Magnemite|Latiasite\n|-start|p2a: Magnemite|Latiasite|[silent]\n|move|p1a: Sandshrew|Knock Off|p2a: Magnemite\n|-damage|p2a: Magnemite|53\/100\n|move|p2a: Magnemite|Volt Switch|p1a: Sandshrew\n|-damage|p1a: Sandshrew|19\/100\n|\n|t:|1711907177\n|-end|p2a: Magnemite|Latiasite|[silent]\n|switch|p2a: Chinchou|Chinchou, L5, M|100\/100|[from] Volt Switch\n|-damage|p2a: Chinchou|88\/100|[from] Spikes\n|\n|upkeep\n|turn|12\n|\n|t:|1711907187\n|-end|p1a: Sandshrew|Scizorite|[silent]\n|switch|p1a: Magby|Magby, L5, M|100\/100\n|move|p2a: Chinchou|Scald|p1a: Magby\n|-supereffective|p1a: Magby\n|-damage|p1a: Magby|0 fnt\n|faint|p1a: Magby\n|\n|upkeep\n|\n|t:|1711907192\n|switch|p1a: Qwilfish|Qwilfish-Hisui, L5, M|40\/100\n|-ability|p1a: Qwilfish|Intimidate|boost\n|-unboost|p2a: Chinchou|atk|1\n|turn|13\n|\n|t:|1711907198\n|switch|p2a: Toedscool|Toedscool, L5, F|90\/100\n|-start|p2a: Toedscool|Pinsirite|[silent]\n|-start|p2a: Toedscool|typechange|Ground\/Flying|[silent]\n|move|p1a: Qwilfish|Gunk Shot|p2a: Toedscool\n|-resisted|p2a: Toedscool\n|-damage|p2a: Toedscool|30\/100\n|\n|upkeep\n|turn|14\n|\n|t:|1711907204\n|move|p1a: Qwilfish|Crunch|p2a: Toedscool\n|-damage|p2a: Toedscool|0 fnt\n|faint|p2a: Toedscool\n|\n|upkeep\n|c|\u2606TheTrueLtaker|ah damn\n|c|\u2606H4ruto|It's at best a speed tie for you\n|\n|t:|1711907218\n|switch|p2a: Magnemite|Magnemite, L5|53\/100\n|-start|p2a: Magnemite|Latiasite|[silent]\n|turn|15\n|c|\u2606TheTrueLtaker|it was\n|\n|t:|1711907224\n|move|p1a: Qwilfish|Crunch|p2a: Magnemite\n|-damage|p2a: Magnemite|0 fnt\n|faint|p2a: Magnemite\n|\n|upkeep\n|\n|t:|1711907226\n|switch|p2a: Chinchou|Chinchou, L5, M|88\/100\n|-damage|p2a: Chinchou|75\/100|[from] Spikes\n|turn|16\n|\n|t:|1711907228\n|move|p1a: Qwilfish|Gunk Shot|p2a: Chinchou\n|-damage|p2a: Chinchou|0 fnt\n|faint|p2a: Chinchou\n|\n|win|H4ruto\n|n|\u2606H4ruto|h4ruto\n|n|\u2606TheTrueLtaker|thetrueltaker\n|c|\u2606H4ruto|gg\n|c|\u2606TheTrueLtaker|ggs\n","uploadtime":1711907228,"views":1,"formatid":"gen9mixandmega","rating":null,"private":0,"password":null}