{"id":"gen9mixandmega-2092956843","format":"[Gen 9] Mix and Mega","players":["mecha rayquaza","Kin+ak (\u2727\u2207\u2727)"],"log":"|j|\u2606mecha rayquaza\n|j|\u2606Kin+ak (\u2727\u2207\u2727)\n|t:|1711896065\n|gametype|singles\n|player|p1|mecha rayquaza|hilbert-wonderlauncher|1064\n|player|p2|Kin+ak (\u2727\u2207\u2727)|wally|1265\n|teamsize|p1|6\n|teamsize|p2|6\n|gen|9\n|tier|[Gen 9] Mix and Mega\n|rated|\n|rule|Species Clause: Limit one of each Pok\u00e9mon\n|rule|OHKO Clause: OHKO moves are banned\n|rule|Evasion Moves Clause: Evasion moves are banned\n|rule|Endless Battle Clause: Forcing endless battles is banned\n|rule|HP Percentage Mod: HP is shown in percentages\n|rule|Evasion Items Clause: Evasion items are banned\n|rule|Evasion Abilities Clause: Evasion abilities are banned\n|rule|Sleep Moves Clause: Sleep-inducing moves are banned\n|rule|Terastal Clause: You cannot Terastallize\n|clearpoke\n|poke|p1|Swampert, M|\n|poke|p1|Camerupt, M|\n|poke|p1|Scizor, M|\n|poke|p1|Ampharos, M|\n|poke|p1|Lucario, M|\n|poke|p1|Kommo-o, M|\n|poke|p2|Ursaluna, F|\n|poke|p2|Cresselia, F|\n|poke|p2|Reuniclus, M|\n|poke|p2|Calyrex-Ice|\n|poke|p2|Glastrier|\n|poke|p2|Enamorus-Therian, F|\n|teampreview\n|\n|t:|1711896086\n|start\n|switch|p1a: Thor|Ampharos, M|100\/100\n|switch|p2a: Reuniclus|Reuniclus, M|100\/100\n|turn|1\n|\n|t:|1711896093\n|detailschange|p1a: Thor|Ampharos-Mega, M\n|-mega|p1a: Thor|Ampharos|Ampharosite\n|-ability|p1a: Thor|Mold Breaker\n|detailschange|p2a: Reuniclus|Reuniclus, M\n|-mega|p2a: Reuniclus|Reuniclus|Cameruptite\n|-start|p2a: Reuniclus|Cameruptite|[silent]\n|move|p1a: Thor|Thunder Wave|p2a: Reuniclus\n|-status|p2a: Reuniclus|par\n|move|p2a: Reuniclus|Calm Mind|p2a: Reuniclus\n|-boost|p2a: Reuniclus|spa|1\n|-boost|p2a: Reuniclus|spd|1\n|\n|upkeep\n|turn|2\n|\n|t:|1711896104\n|move|p1a: Thor|Thunder|p2a: Reuniclus\n|-damage|p2a: Reuniclus|70\/100 par\n|move|p2a: Reuniclus|Psychic|p1a: Thor\n|-damage|p1a: Thor|16\/100\n|\n|upkeep\n|turn|3\n|\n|t:|1711896112\n|move|p1a: Thor|Thunder|p2a: Reuniclus\n|-damage|p2a: Reuniclus|40\/100 par\n|move|p2a: Reuniclus|Calm Mind|p2a: Reuniclus\n|-boost|p2a: Reuniclus|spa|1\n|-boost|p2a: Reuniclus|spd|1\n|\n|upkeep\n|turn|4\n|\n|t:|1711896117\n|move|p1a: Thor|Thunder|p2a: Reuniclus\n|-damage|p2a: Reuniclus|17\/100 par\n|cant|p2a: Reuniclus|par\n|\n|upkeep\n|turn|5\n|c|\u2606Kin+ak (\u2727\u2207\u2727)|If you hit this thunder\n|c|\u2606Kin+ak (\u2727\u2207\u2727)|I swear\n|\n|t:|1711896135\n|move|p1a: Thor|Discharge|p2a: Reuniclus\n|-damage|p2a: Reuniclus|2\/100 par\n|cant|p2a: Reuniclus|par\n|\n|upkeep\n|turn|6\n|c|\u2606Kin+ak (\u2727\u2207\u2727)|WHAT THE HOLY FUCK IS THAT SET\n|\n|t:|1711896151\n|move|p1a: Thor|Thunderbolt|p2a: Reuniclus\n|-damage|p2a: Reuniclus|0 fnt\n|faint|p2a: Reuniclus\n|\n|upkeep\n|c|\u2606Kin+ak (\u2727\u2207\u2727)|TBOLT+THUNDER+TWAVE+DISCHARGE? HAVE YOU LOST YOUR MIND?\n|inactive|Battle timer is ON: inactive players will automatically lose when time's up. (requested by mecha rayquaza)\n|j| SplodgeOfChippy\n|j| Time2Bonk\n|\n|t:|1711896203\n|switch|p2a: Ursaluna|Ursaluna, F|100\/100\n|turn|7\n|\n|t:|1711896207\n|detailschange|p2a: Ursaluna|Ursaluna, F\n|-mega|p2a: Ursaluna|Ursaluna|Heracronite\n|-start|p2a: Ursaluna|Heracronite|[silent]\n|move|p1a: Thor|Thunder Wave|p2a: Ursaluna\n|-immune|p2a: Ursaluna\n|move|p2a: Ursaluna|Swords Dance|p2a: Ursaluna\n|-boost|p2a: Ursaluna|atk|2\n|\n|upkeep\n|turn|8\n|j| IMHIMIMKING\n|inactive|Kin+ak (\u2727\u2207\u2727) has 120 seconds left.\n|c|\u2606Kin+ak (\u2727\u2207\u2727)|that's\n|c|\u2606Kin+ak (\u2727\u2207\u2727)|Unacceptable\n|\n|t:|1711896247\n|switch|p1a: Captain America|Lucario, M|100\/100\n|move|p2a: Ursaluna|Swords Dance|p2a: Ursaluna\n|-boost|p2a: Ursaluna|atk|2\n|\n|upkeep\n|turn|9\n|\n|t:|1711896256\n|move|p1a: Captain America|Close Combat|p2a: Ursaluna\n|-supereffective|p2a: Ursaluna\n|-damage|p2a: Ursaluna|44\/100\n|-unboost|p1a: Captain America|def|1\n|-unboost|p1a: Captain America|spd|1\n|move|p2a: Ursaluna|Drain Punch|p1a: Captain America\n|-supereffective|p1a: Captain America\n|-damage|p1a: Captain America|0 fnt\n|-heal|p2a: Ursaluna|77\/100|[from] drain|[of] p1a: Captain America\n|faint|p1a: Captain America\n|\n|upkeep\n|\n|t:|1711896271\n|switch|p1a: Cull Obsidian|Camerupt, M, shiny|100\/100\n|turn|10\n|l| Time2Bonk\n|inactive|Kin+ak (\u2727\u2207\u2727) has 120 seconds left.\n|\n|t:|1711896301\n|detailschange|p1a: Cull Obsidian|Camerupt-Mega, M, shiny\n|-mega|p1a: Cull Obsidian|Camerupt|Cameruptite\n|move|p1a: Cull Obsidian|Lava Plume|p2a: Ursaluna\n|-damage|p2a: Ursaluna|31\/100\n|move|p2a: Ursaluna|Drain Punch|p1a: Cull Obsidian\n|-crit|p1a: Cull Obsidian\n|-damage|p1a: Cull Obsidian|0 fnt\n|-heal|p2a: Ursaluna|64\/100|[from] drain|[of] p1a: Cull Obsidian\n|faint|p1a: Cull Obsidian\n|\n|upkeep\n|\n|t:|1711896314\n|switch|p1a: Iron Man|Scizor, M, shiny|100\/100\n|turn|11\n|inactive|Kin+ak (\u2727\u2207\u2727) has 120 seconds left.\n|\n|t:|1711896332\n|detailschange|p1a: Iron Man|Scizor-Mega, M, shiny\n|-mega|p1a: Iron Man|Scizor|Scizorite\n|move|p1a: Iron Man|Close Combat|p2a: Ursaluna\n|-supereffective|p2a: Ursaluna\n|-damage|p2a: Ursaluna|21\/100\n|-unboost|p1a: Iron Man|def|1\n|-unboost|p1a: Iron Man|spd|1\n|move|p2a: Ursaluna|Drain Punch|p1a: Iron Man\n|-damage|p1a: Iron Man|0 fnt\n|-heal|p2a: Ursaluna|54\/100|[from] drain|[of] p1a: Iron Man\n|faint|p1a: Iron Man\n|\n|upkeep\n|\n|t:|1711896343\n|switch|p1a: Thanos|Kommo-o, M|100\/100\n|detailschange|p1a: Thanos|Kommo-o, M\n|-primal|p1a: Thanos|Red Orb\n|-weather|DesolateLand|[from] ability: Desolate Land|[of] p1a: Thanos\n|-start|p1a: Thanos|Red Orb|[silent]\n|-start|p1a: Thanos|typechange|Dragon\/Fire|[silent]\n|turn|12\n|\n|t:|1711896353\n|-end|p2a: Ursaluna|Heracronite|[silent]\n|switch|p2a: Enamorus|Enamorus-Therian, F|100\/100\n|detailschange|p2a: Enamorus|Enamorus-Therian, F\n|-primal|p2a: Enamorus|Red Orb\n|-start|p2a: Enamorus|Red Orb|[silent]\n|-start|p2a: Enamorus|typechange|Fairy\/Fire|[silent]\n|move|p1a: Thanos|Dragon Tail|p2a: Enamorus\n|-immune|p2a: Enamorus\n|\n|-weather|DesolateLand|[upkeep]\n|upkeep\n|turn|13\n|\n|t:|1711896360\n|move|p1a: Thanos|Flash Cannon|p2a: Enamorus\n|-crit|p2a: Enamorus\n|-damage|p2a: Enamorus|60\/100\n|move|p2a: Enamorus|Earth Power|p1a: Thanos\n|-supereffective|p1a: Thanos\n|-damage|p1a: Thanos|14\/100\n|\n|-weather|DesolateLand|[upkeep]\n|upkeep\n|turn|14\n|\n|t:|1711896368\n|-end|p2a: Enamorus|Red Orb|[silent]\n|switch|p2a: Cresselia|Cresselia, F|100\/100\n|move|p1a: Thanos|Flamethrower|p2a: Cresselia\n|-damage|p2a: Cresselia|69\/100\n|\n|-weather|DesolateLand|[upkeep]\n|upkeep\n|turn|15\n|\n|t:|1711896374\n|detailschange|p2a: Cresselia|Cresselia, F\n|-mega|p2a: Cresselia|Cresselia|Sablenite\n|-start|p2a: Cresselia|Sablenite|[silent]\n|move|p1a: Thanos|Dragon Tail|p2a: Cresselia\n|-damage|p2a: Cresselia|54\/100\n|-end|p2a: Cresselia|Sablenite|[silent]\n|drag|p2a: Enamorus|Enamorus-Therian, F|60\/100\n|-start|p2a: Enamorus|Red Orb|[silent]\n|-start|p2a: Enamorus|typechange|Fairy\/Fire|[silent]\n|\n|-weather|DesolateLand|[upkeep]\n|upkeep\n|turn|16\n|\n|t:|1711896381\n|move|p1a: Thanos|Flash Cannon|p2a: Enamorus\n|-damage|p2a: Enamorus|36\/100\n|move|p2a: Enamorus|Draining Kiss|p1a: Thanos\n|-damage|p1a: Thanos|0 fnt\n|-heal|p2a: Enamorus|44\/100|[from] drain|[of] p1a: Thanos\n|faint|p1a: Thanos\n|\n|-weather|DesolateLand|[upkeep]\n|upkeep\n|-message|mecha rayquaza forfeited.\n|\n|win|Kin+ak (\u2727\u2207\u2727)\n","uploadtime":1711896183,"views":8,"formatid":"gen9mixandmega","rating":null,"private":0,"password":null}