|j|☆Sharkzera
|j|☆Melon_Monk
|t:|1711919333
|gametype|singles
|player|p1|Sharkzera|morty-masters2|1000
|player|p2|Melon_Monk|nate|1000
|teamsize|p1|3
|teamsize|p2|6
|gen|9
|tier|[Gen 9] Mix and Mega
|rated|
|rule|Species Clause: Limit one of each Pokémon
|rule|OHKO Clause: OHKO moves are banned
|rule|Evasion Moves Clause: Evasion moves are banned
|rule|Endless Battle Clause: Forcing endless battles is banned
|rule|HP Percentage Mod: HP is shown in percentages
|rule|Evasion Items Clause: Evasion items are banned
|rule|Evasion Abilities Clause: Evasion abilities are banned
|rule|Sleep Moves Clause: Sleep-inducing moves are banned
|rule|Terastal Clause: You cannot Terastallize
|clearpoke
|poke|p1|Alomomola, M|
|poke|p1|Lucario, M|
|poke|p1|Tornadus-Therian, M|
|poke|p2|Charizard, M|
|poke|p2|Blastoise, F|
|poke|p2|Meowscarada, M|
|poke|p2|Kyurem-Black|
|poke|p2|Latios, M|
|poke|p2|Banette, F|
|teampreview
|
|t:|1711919348
|start
|switch|p1a: Tornadus|Tornadus-Therian, M, shiny|100/100
|switch|p2a: Charizard|Charizard, M|100/100
|detailschange|p1a: Tornadus|Tornadus-Therian, M, shiny
|-primal|p1a: Tornadus|Blue Orb
|-weather|PrimordialSea|[from] ability: Primordial Sea|[of] p1a: Tornadus
|-start|p1a: Tornadus|Blue Orb|[silent]
|turn|1
|
|t:|1711919362
|detailschange|p2a: Charizard|Charizard-Mega-X, M
|-mega|p2a: Charizard|Charizard|Charizardite X
|move|p1a: Tornadus|Weather Ball|p2a: Charizard
|-damage|p2a: Charizard|33/100
|move|p2a: Charizard|Dragon Claw|p1a: Tornadus
|-damage|p1a: Tornadus|25/100
|
|-weather|PrimordialSea|[upkeep]
|upkeep
|turn|2
|
|t:|1711919372
|move|p1a: Tornadus|U-turn|p2a: Charizard
|-resisted|p2a: Charizard
|-damage|p2a: Charizard|23/100
|
|t:|1711919384
|-end|p1a: Tornadus|Blue Orb|[silent]
|-weather|none
|switch|p1a: Azul|Lucario, M, shiny|100/100|[from] U-turn
|move|p2a: Charizard|Dragon Claw|p1a: Azul
|-resisted|p1a: Azul
|-damage|p1a: Azul|55/100
|
|upkeep
|turn|3
|
|t:|1711919396
|detailschange|p1a: Azul|Lucario, M, shiny
|-mega|p1a: Azul|Lucario|Gardevoirite
|-start|p1a: Azul|Gardevoirite|[silent]
|move|p1a: Azul|Extreme Speed|p2a: Charizard
|-damage|p2a: Charizard|0 fnt
|faint|p2a: Charizard
|
|upkeep
|
|t:|1711919413
|switch|p2a: Banette|Banette, F, shiny|100/100
|-item|p1a: Azul|Gardevoirite|[from] ability: Frisk|[of] p2a: Banette|[identify]
|turn|4
|
|t:|1711919422
|detailschange|p2a: Banette|Banette-Mega, F, shiny
|-mega|p2a: Banette|Banette|Banettite
|move|p1a: Azul|Swords Dance|p1a: Azul
|-boost|p1a: Azul|atk|2
|move|p2a: Banette|Gunk Shot|p1a: Azul
|-immune|p1a: Azul
|
|upkeep
|turn|5
|
|t:|1711919432
|move|p1a: Azul|Meteor Mash|p2a: Banette
|-damage|p2a: Banette|0 fnt
|faint|p2a: Banette
|
|upkeep
|c|☆Sharkzera|Whut
|c|☆Melon_Monk|ii misclicked
|
|t:|1711919459
|switch|p2a: Meowscarada|Meowscarada, M, shiny|100/100
|turn|6
|c|☆Sharkzera|Oh
|c|☆Sharkzera|This make sense
|
|t:|1711919504
|move|p1a: Azul|Extreme Speed|p2a: Meowscarada
|-supereffective|p2a: Meowscarada
|-damage|p2a: Meowscarada|0 fnt
|faint|p2a: Meowscarada
|
|upkeep
|
|t:|1711919512
|switch|p2a: Kyurem|Kyurem-Black, shiny|100/100
|-ability|p2a: Kyurem|Teravolt
|turn|7
|c|☆Sharkzera|Do you want me to stop using extreme speed??
|c|☆Melon_Monk|I don't care
|c|☆Sharkzera|Ok Bro
|
|t:|1711919544
|move|p1a: Azul|Extreme Speed|p2a: Kyurem
|-supereffective|p2a: Kyurem
|-damage|p2a: Kyurem|0 fnt
|faint|p2a: Kyurem
|
|upkeep
|
|t:|1711919552
|switch|p2a: Latios|Latios, M, shiny|100/100
|turn|8
|
|t:|1711919569
|detailschange|p2a: Latios|Latios-Mega, M, shiny
|-mega|p2a: Latios|Latios|Latiosite
|move|p1a: Azul|Extreme Speed|p2a: Latios
|-supereffective|p2a: Latios
|-damage|p2a: Latios|0 fnt
|faint|p2a: Latios
|
|upkeep
|
|t:|1711919572
|switch|p2a: Blastoise|Blastoise, F|100/100
|turn|9
|
|t:|1711919576
|detailschange|p2a: Blastoise|Blastoise-Mega, F
|-mega|p2a: Blastoise|Blastoise|Blastoisinite
|move|p1a: Azul|Drain Punch|p2a: Blastoise
|-damage|p2a: Blastoise|26/100
|-heal|p1a: Azul|100/100|[from] drain|[of] p2a: Blastoise
|move|p2a: Blastoise|Aura Sphere|p1a: Azul
|-supereffective|p1a: Azul
|-damage|p1a: Azul|0 fnt
|faint|p1a: Azul
|
|upkeep
|
|t:|1711919587
|switch|p1a: Tornadus|Tornadus-Therian, M, shiny|25/100
|-start|p1a: Tornadus|Blue Orb|[silent]
|-weather|PrimordialSea|[from] ability: Primordial Sea|[of] p1a: Tornadus
|turn|10
|
|t:|1711919591
|move|p1a: Tornadus|Hurricane|p2a: Blastoise
|-damage|p2a: Blastoise|0 fnt
|faint|p2a: Blastoise
|
|win|Sharkzera
|raw|Sharkzera's rating: 1000 &rarr; <strong>1040</strong><br />(+40 for winning)
|raw|Melon_Monk's rating: 1000 &rarr; <strong>1000</strong><br />(+0 for losing)
