{"id":"gen9monotype-2093349496","format":"[Gen 9] Monotype","players":["bigpapa0of","Azure-Saffron"],"log":"|j|\u2606bigpapa0of\n|j|\u2606Azure-Saffron\n|inactive|Battle timer is ON: inactive players will automatically lose when time's up.\n|t:|1711942769\n|gametype|singles\n|player|p1|bigpapa0of|clay|\n|player|p2|Azure-Saffron|florian-bb|\n|teamsize|p1|6\n|teamsize|p2|6\n|gen|9\n|tier|[Gen 9] Monotype\n|rated|Tournament battle\n|rule|Sleep Clause Mod: Limit one foe put to sleep\n|rule|Species Clause: Limit one of each Pok\u00e9mon\n|rule|OHKO Clause: OHKO moves are banned\n|rule|Evasion Items Clause: Evasion items are banned\n|rule|Evasion Moves Clause: Evasion moves are banned\n|rule|Endless Battle Clause: Forcing endless battles is banned\n|rule|HP Percentage Mod: HP is shown in percentages\n|rule|Evasion Abilities Clause: Evasion abilities are banned\n|rule|Same Type Clause: Pok\u00e9mon in a team must share a type\n|rule|Terastal Clause: You cannot Terastallize\n|clearpoke\n|poke|p1|Slither Wing|\n|poke|p1|Cobalion|\n|poke|p1|Keldeo|\n|poke|p1|Scrafty, M|\n|poke|p1|Okidogi, M|\n|poke|p1|Breloom, F|\n|poke|p2|Dragonite, M|\n|poke|p2|Kyurem|\n|poke|p2|Hydrapple, M|\n|poke|p2|Hydreigon, F|\n|poke|p2|Dragalge, F|\n|poke|p2|Garchomp, M|\n|teampreview\n|inactive|Azure-Saffron also wants the timer to be on.\n|c|\u2606bigpapa0of|Glhf\n|j| mistchief\n|c|\u2606Azure-Saffron|u2\n|\n|t:|1711942791\n|start\n|switch|p1a: Breloom|Breloom, F|100\/100\n|switch|p2a: Dragalge|Dragalge, F|100\/100\n|turn|1\n|\n|t:|1711942797\n|move|p1a: Breloom|Spore|p2a: Dragalge\n|-status|p2a: Dragalge|slp|[from] move: Spore\n|cant|p2a: Dragalge|slp\n|\n|upkeep\n|turn|2\n|j| 2(sweet)\n|\n|t:|1711942806\n|switch|p2a: Hydrapple|Hydrapple, M|100\/100\n|move|p1a: Breloom|Rock Tomb|p2a: Hydrapple\n|-damage|p2a: Hydrapple|82\/100\n|-unboost|p2a: Hydrapple|spe|1\n|\n|upkeep\n|turn|3\n|j| swordmanjr.\n|\n|t:|1711942815\n|switch|p1a: Okidogi|Okidogi, M|100\/100\n|move|p2a: Hydrapple|Dragon Tail|p1a: Okidogi\n|-damage|p1a: Okidogi|88\/100\n|drag|p1a: Slither Wing|Slither Wing|100\/100\n|\n|upkeep\n|turn|4\n|l| 2(sweet)\n|j| endallbeallball\n|inactive|Azure-Saffron has 120 seconds left.\n|\n|t:|1711942848\n|switch|p2a: Garchomp|Garchomp, M|100\/100\n|move|p1a: Slither Wing|U-turn|p2a: Garchomp\n|-damage|p2a: Garchomp|34\/100\n|-damage|p1a: Slither Wing|88\/100|[from] ability: Rough Skin|[of] p2a: Garchomp\n|-damage|p1a: Slither Wing|72\/100|[from] item: Rocky Helmet|[of] p2a: Garchomp\n|j|+mauby \u2646\n|\n|t:|1711942860\n|-end|p1a: Slither Wing|Protosynthesis|[silent]\n|switch|p1a: Keldeo|Keldeo|100\/100|[from] U-turn\n|\n|upkeep\n|turn|5\n|\n|t:|1711942865\n|move|p1a: Keldeo|Surf|p2a: Garchomp\n|-crit|p2a: Garchomp\n|-damage|p2a: Garchomp|0 fnt\n|faint|p2a: Garchomp\n|\n|upkeep\n|\n|t:|1711942868\n|switch|p2a: Hydrapple|Hydrapple, M|100\/100\n|turn|6\n|\n|t:|1711942875\n|switch|p1a: Okidogi|Okidogi, M|88\/100\n|move|p2a: Hydrapple|Fickle Beam|p1a: Okidogi|[anim] Fickle Beam All Out\n|-activate|p2a: Hydrapple|move: Fickle Beam\n|-damage|p1a: Okidogi|33\/100\n|\n|upkeep\n|turn|7\n|\n|t:|1711942878\n|move|p1a: Okidogi|Ice Punch|p2a: Hydrapple\n|-supereffective|p2a: Hydrapple\n|-damage|p2a: Hydrapple|43\/100\n|move|p2a: Hydrapple|Earth Power|p1a: Okidogi\n|-supereffective|p1a: Okidogi\n|-damage|p1a: Okidogi|0 fnt\n|faint|p1a: Okidogi\n|\n|upkeep\n|\n|t:|1711942881\n|switch|p1a: Slither Wing|Slither Wing|72\/100\n|turn|8\n|l| swordmanjr.\n|\n|t:|1711942897\n|switch|p2a: Dragalge|Dragalge, F|100\/100 slp\n|move|p1a: Slither Wing|U-turn|p2a: Dragalge\n|-resisted|p2a: Dragalge\n|-damage|p2a: Dragalge|65\/100 slp\n|\n|t:|1711942901\n|-end|p1a: Slither Wing|Protosynthesis|[silent]\n|switch|p1a: Keldeo|Keldeo|100\/100|[from] U-turn\n|\n|-heal|p2a: Dragalge|71\/100 slp|[from] item: Black Sludge\n|upkeep\n|turn|9\n|\n|t:|1711942906\n|move|p1a: Keldeo|Calm Mind|p1a: Keldeo\n|-boost|p1a: Keldeo|spa|1\n|-boost|p1a: Keldeo|spd|1\n|cant|p2a: Dragalge|slp\n|\n|-heal|p2a: Dragalge|77\/100 slp|[from] item: Black Sludge\n|upkeep\n|turn|10\n|\n|t:|1711942909\n|move|p1a: Keldeo|Calm Mind|p1a: Keldeo\n|-boost|p1a: Keldeo|spa|1\n|-boost|p1a: Keldeo|spd|1\n|-curestatus|p2a: Dragalge|slp|[msg]\n|move|p2a: Dragalge|Toxic Spikes|p1a: Keldeo\n|-sidestart|p1: bigpapa0of|move: Toxic Spikes\n|\n|-heal|p2a: Dragalge|83\/100|[from] item: Black Sludge\n|upkeep\n|turn|11\n|\n|t:|1711942912\n|move|p1a: Keldeo|Substitute|p1a: Keldeo\n|-start|p1a: Keldeo|Substitute\n|-damage|p1a: Keldeo|76\/100\n|move|p2a: Dragalge|Toxic Spikes|p1a: Keldeo\n|-sidestart|p1: bigpapa0of|move: Toxic Spikes\n|\n|-heal|p1a: Keldeo|82\/100|[from] item: Leftovers\n|-heal|p2a: Dragalge|89\/100|[from] item: Black Sludge\n|upkeep\n|turn|12\n|\n|t:|1711942915\n|move|p1a: Keldeo|Calm Mind|p1a: Keldeo\n|-boost|p1a: Keldeo|spa|1\n|-boost|p1a: Keldeo|spd|1\n|move|p2a: Dragalge|Flip Turn|p1a: Keldeo\n|-resisted|p1a: Keldeo\n|-activate|p1a: Keldeo|move: Substitute|[damage]\n|\n|t:|1711942924\n|switch|p2a: Dragonite|Dragonite, M|100\/100|[from] Flip Turn\n|\n|-heal|p1a: Keldeo|88\/100|[from] item: Leftovers\n|upkeep\n|turn|13\n|\n|t:|1711942927\n|move|p2a: Dragonite|Extreme Speed|p1a: Keldeo\n|-end|p1a: Keldeo|Substitute\n|move|p1a: Keldeo|Surf|p2a: Dragonite\n|-resisted|p2a: Dragonite\n|-damage|p2a: Dragonite|69\/100\n|\n|-heal|p1a: Keldeo|94\/100|[from] item: Leftovers\n|upkeep\n|turn|14\n|\n|t:|1711942936\n|move|p1a: Keldeo|Surf|p2a: Dragonite\n|-resisted|p2a: Dragonite\n|-damage|p2a: Dragonite|11\/100\n|move|p2a: Dragonite|Dragon Dance|p2a: Dragonite\n|-boost|p2a: Dragonite|atk|1\n|-boost|p2a: Dragonite|spe|1\n|\n|-heal|p1a: Keldeo|100\/100|[from] item: Leftovers\n|upkeep\n|turn|15\n|\n|t:|1711942943\n|move|p1a: Keldeo|Vacuum Wave|p2a: Dragonite\n|-resisted|p2a: Dragonite\n|-damage|p2a: Dragonite|0 fnt\n|faint|p2a: Dragonite\n|\n|upkeep\n|\n|t:|1711942951\n|switch|p2a: Dragalge|Dragalge, F|89\/100\n|turn|16\n|\n|t:|1711942956\n|move|p1a: Keldeo|Substitute|p1a: Keldeo\n|-start|p1a: Keldeo|Substitute\n|-damage|p1a: Keldeo|76\/100\n|move|p2a: Dragalge|Gunk Shot|p1a: Keldeo\n|-end|p1a: Keldeo|Substitute\n|\n|-heal|p1a: Keldeo|82\/100|[from] item: Leftovers\n|-heal|p2a: Dragalge|95\/100|[from] item: Black Sludge\n|upkeep\n|turn|17\n|\n|t:|1711942959\n|move|p1a: Keldeo|Substitute|p1a: Keldeo\n|-start|p1a: Keldeo|Substitute\n|-damage|p1a: Keldeo|57\/100\n|move|p2a: Dragalge|Gunk Shot|p1a: Keldeo\n|-end|p1a: Keldeo|Substitute\n|\n|-heal|p1a: Keldeo|63\/100|[from] item: Leftovers\n|-heal|p2a: Dragalge|100\/100|[from] item: Black Sludge\n|upkeep\n|turn|18\n|\n|t:|1711942961\n|move|p1a: Keldeo|Substitute|p1a: Keldeo\n|-start|p1a: Keldeo|Substitute\n|-damage|p1a: Keldeo|39\/100\n|move|p2a: Dragalge|Gunk Shot|p1a: Keldeo\n|-end|p1a: Keldeo|Substitute\n|\n|-heal|p1a: Keldeo|45\/100|[from] item: Leftovers\n|upkeep\n|turn|19\n|\n|t:|1711942964\n|move|p1a: Keldeo|Substitute|p1a: Keldeo\n|-start|p1a: Keldeo|Substitute\n|-damage|p1a: Keldeo|20\/100\n|move|p2a: Dragalge|Gunk Shot|p1a: Keldeo|[miss]\n|-miss|p2a: Dragalge|p1a: Keldeo\n|\n|-heal|p1a: Keldeo|26\/100|[from] item: Leftovers\n|upkeep\n|turn|20\n|\n|t:|1711942967\n|move|p1a: Keldeo|Surf|p2a: Dragalge\n|-resisted|p2a: Dragalge\n|-damage|p2a: Dragalge|61\/100\n|move|p2a: Dragalge|Gunk Shot|p1a: Keldeo\n|-end|p1a: Keldeo|Substitute\n|\n|-heal|p1a: Keldeo|32\/100|[from] item: Leftovers\n|-heal|p2a: Dragalge|67\/100|[from] item: Black Sludge\n|upkeep\n|turn|21\n|\n|t:|1711942971\n|move|p1a: Keldeo|Surf|p2a: Dragalge\n|-resisted|p2a: Dragalge\n|-damage|p2a: Dragalge|28\/100\n|move|p2a: Dragalge|Gunk Shot|p1a: Keldeo\n|-damage|p1a: Keldeo|0 fnt\n|faint|p1a: Keldeo\n|\n|-heal|p2a: Dragalge|34\/100|[from] item: Black Sludge\n|upkeep\n|\n|t:|1711942982\n|switch|p1a: Slither Wing|Slither Wing|72\/100\n|-status|p1a: Slither Wing|tox\n|turn|22\n|\n|t:|1711942987\n|move|p2a: Dragalge|Protect|p2a: Dragalge\n|-singleturn|p2a: Dragalge|Protect\n|move|p1a: Slither Wing|Close Combat|p2a: Dragalge\n|-activate|p2a: Dragalge|move: Protect\n|\n|-heal|p2a: Dragalge|40\/100|[from] item: Black Sludge\n|-damage|p1a: Slither Wing|66\/100 tox|[from] psn\n|upkeep\n|turn|23\n|\n|t:|1711942992\n|move|p2a: Dragalge|Protect|p2a: Dragalge\n|-singleturn|p2a: Dragalge|Protect\n|move|p1a: Slither Wing|Close Combat|p2a: Dragalge\n|-activate|p2a: Dragalge|move: Protect\n|\n|-heal|p2a: Dragalge|46\/100|[from] item: Black Sludge\n|-damage|p1a: Slither Wing|54\/100 tox|[from] psn\n|upkeep\n|turn|24\n|\n|t:|1711943002\n|move|p1a: Slither Wing|Close Combat|p2a: Dragalge\n|-resisted|p2a: Dragalge\n|-damage|p2a: Dragalge|0 fnt\n|-unboost|p1a: Slither Wing|def|1\n|-unboost|p1a: Slither Wing|spd|1\n|faint|p2a: Dragalge\n|\n|-damage|p1a: Slither Wing|35\/100 tox|[from] psn\n|upkeep\n|\n|t:|1711943006\n|switch|p2a: Hydreigon|Hydreigon, F|100\/100\n|turn|25\n|\n|t:|1711943019\n|-end|p1a: Slither Wing|Protosynthesis|[silent]\n|switch|p1a: Scrafty|Scrafty, M|100\/100\n|-status|p1a: Scrafty|tox\n|move|p2a: Hydreigon|Earth Power|p1a: Scrafty\n|-damage|p1a: Scrafty|79\/100 tox\n|\n|-heal|p1a: Scrafty|85\/100 tox|[from] item: Leftovers\n|-damage|p1a: Scrafty|79\/100 tox|[from] psn\n|upkeep\n|turn|26\n|\n|t:|1711943025\n|switch|p2a: Hydrapple|Hydrapple, M|76\/100\n|move|p1a: Scrafty|Knock Off|p2a: Hydrapple\n|-damage|p2a: Hydrapple|56\/100\n|-enditem|p2a: Hydrapple|Assault Vest|[from] move: Knock Off|[of] p1a: Scrafty\n|\n|-heal|p1a: Scrafty|85\/100 tox|[from] item: Leftovers\n|-damage|p1a: Scrafty|73\/100 tox|[from] psn\n|upkeep\n|turn|27\n|\n|t:|1711943031\n|move|p1a: Scrafty|Bulk Up|p1a: Scrafty\n|-boost|p1a: Scrafty|atk|1\n|-boost|p1a: Scrafty|def|1\n|move|p2a: Hydrapple|Dragon Tail|p1a: Scrafty|[miss]\n|-miss|p2a: Hydrapple|p1a: Scrafty\n|\n|-heal|p1a: Scrafty|79\/100 tox|[from] item: Leftovers\n|-damage|p1a: Scrafty|61\/100 tox|[from] psn\n|upkeep\n|turn|28\n|\n|t:|1711943035\n|move|p1a: Scrafty|Drain Punch|p2a: Hydrapple\n|-damage|p2a: Hydrapple|32\/100\n|-heal|p1a: Scrafty|76\/100 tox|[from] drain|[of] p2a: Hydrapple\n|move|p2a: Hydrapple|Dragon Tail|p1a: Scrafty\n|-damage|p1a: Scrafty|66\/100 tox\n|drag|p1a: Slither Wing|Slither Wing|35\/100 tox\n|\n|-damage|p1a: Slither Wing|29\/100 tox|[from] psn\n|upkeep\n|turn|29\n|\n|t:|1711943038\n|switch|p2a: Kyurem|Kyurem|100\/100\n|-ability|p2a: Kyurem|Pressure\n|move|p1a: Slither Wing|U-turn|p2a: Kyurem\n|-damage|p2a: Kyurem|38\/100\n|\n|t:|1711943041\n|-end|p1a: Slither Wing|Protosynthesis|[silent]\n|switch|p1a: Cobalion|Cobalion|100\/100|[from] U-turn\n|\n|upkeep\n|turn|30\n|\n|t:|1711943044\n|move|p1a: Cobalion|Flash Cannon|p2a: Kyurem\n|-supereffective|p2a: Kyurem\n|-damage|p2a: Kyurem|0 fnt\n|faint|p2a: Kyurem\n|\n|upkeep\n|\n|t:|1711943046\n|switch|p2a: Hydrapple|Hydrapple, M|65\/100\n|turn|31\n|\n|t:|1711943050\n|switch|p1a: Scrafty|Scrafty, M|66\/100 tox\n|move|p2a: Hydrapple|Earth Power|p1a: Scrafty\n|-damage|p1a: Scrafty|47\/100 tox\n|\n|-heal|p1a: Scrafty|53\/100 tox|[from] item: Leftovers\n|-damage|p1a: Scrafty|47\/100 tox|[from] psn\n|upkeep\n|turn|32\n|\n|t:|1711943052\n|move|p1a: Scrafty|Rest|p1a: Scrafty\n|-status|p1a: Scrafty|slp|[from] move: Rest\n|-heal|p1a: Scrafty|100\/100 slp|[silent]\n|move|p2a: Hydrapple|Dragon Tail|p1a: Scrafty\n|-damage|p1a: Scrafty|87\/100 slp\n|drag|p1a: Cobalion|Cobalion|100\/100\n|\n|upkeep\n|turn|33\n|\n|t:|1711943056\n|move|p1a: Cobalion|Volt Switch|p2a: Hydrapple\n|-resisted|p2a: Hydrapple\n|-damage|p2a: Hydrapple|60\/100\n|\n|t:|1711943059\n|switch|p1a: Scrafty|Scrafty, M|87\/100 slp|[from] Volt Switch\n|move|p2a: Hydrapple|Earth Power|p1a: Scrafty\n|-damage|p1a: Scrafty|68\/100 slp\n|\n|-heal|p1a: Scrafty|74\/100 slp|[from] item: Leftovers\n|upkeep\n|turn|34\n|\n|t:|1711943064\n|cant|p1a: Scrafty|slp\n|move|p2a: Hydrapple|Dragon Tail|p1a: Scrafty\n|-damage|p1a: Scrafty|60\/100 slp\n|drag|p1a: Slither Wing|Slither Wing|29\/100 tox\n|\n|-damage|p1a: Slither Wing|23\/100 tox|[from] psn\n|upkeep\n|turn|35\n|\n|t:|1711943068\n|move|p1a: Slither Wing|U-turn|p2a: Hydrapple\n|-supereffective|p2a: Hydrapple\n|-damage|p2a: Hydrapple|0 fnt\n|faint|p2a: Hydrapple\n|\n|t:|1711943072\n|-end|p1a: Slither Wing|Protosynthesis|[silent]\n|switch|p1a: Cobalion|Cobalion|100\/100|[from] U-turn\n|\n|upkeep\n|\n|t:|1711943073\n|switch|p2a: Hydreigon|Hydreigon, F|100\/100\n|turn|36\n|c|\u2606bigpapa0of|Gg\n|c|\u2606Azure-Saffron|gg\n|-message|Azure-Saffron forfeited.\n|\n|win|bigpapa0of\n|n|\u2606bigpapa0of|bigpapa0of\n|n|\u2606Azure-Saffron|azuresaffron\n|n| mistchief|mistchief\n|n| endallbeallball|endallbeallball\n|n| mauby \u2646|mauby\n|l|\u2606Azure-Saffron\n|player|p2|\n|l| mistchief\n","uploadtime":1711943086,"views":0,"formatid":"gen9monotype","rating":null,"private":0,"password":null}