|j|☆bigpapa0of
|j|☆Liliacae
|inactive|Battle timer is ON: inactive players will automatically lose when time's up.
|t:|1711943947
|gametype|singles
|player|p1|bigpapa0of|clay|
|player|p2|Liliacae|caitlin|
|teamsize|p1|6
|teamsize|p2|6
|gen|9
|tier|[Gen 9] Monotype
|rated|Tournament battle
|rule|Sleep Clause Mod: Limit one foe put to sleep
|rule|Species Clause: Limit one of each Pokémon
|rule|OHKO Clause: OHKO moves are banned
|rule|Evasion Items Clause: Evasion items are banned
|rule|Evasion Moves Clause: Evasion moves are banned
|rule|Endless Battle Clause: Forcing endless battles is banned
|rule|HP Percentage Mod: HP is shown in percentages
|rule|Evasion Abilities Clause: Evasion abilities are banned
|rule|Same Type Clause: Pokémon in a team must share a type
|rule|Terastal Clause: You cannot Terastallize
|clearpoke
|poke|p1|Slither Wing|
|poke|p1|Cobalion|
|poke|p1|Keldeo|
|poke|p1|Scrafty, F|
|poke|p1|Okidogi, M|
|poke|p1|Breloom, M|
|poke|p2|Tyranitar, M|
|poke|p2|Ogerpon-Cornerstone, F|
|poke|p2|Rhyperior, F|
|poke|p2|Iron Boulder|
|poke|p2|Terrakion|
|poke|p2|Coalossal, F|
|teampreview
|j| WoomsTourGuide
|j| 2(sweet)
|c| WoomsTourGuide|oh man
|
|t:|1711943963
|start
|switch|p1a: Slither Wing|Slither Wing|100/100
|switch|p2a: Iron Boulder|Iron Boulder|100/100
|turn|1
|c| WoomsTourGuide|gl to both
|c|☆Liliacae|uhhhhhh
|
|t:|1711943974
|-end|p2a: Iron Boulder|Quark Drive|[silent]
|switch|p2a: Rhyperior|Rhyperior, F|100/100
|move|p1a: Slither Wing|First Impression|p2a: Rhyperior
|-damage|p2a: Rhyperior|55/100
|
|upkeep
|turn|2
|j|+mauby ♆
|
|t:|1711943983
|-end|p1a: Slither Wing|Protosynthesis|[silent]
|switch|p1a: Keldeo|Keldeo|100/100
|move|p2a: Rhyperior|Fire Punch|p1a: Keldeo
|-resisted|p1a: Keldeo
|-damage|p1a: Keldeo|75/100
|
|-heal|p1a: Keldeo|81/100|[from] item: Leftovers
|upkeep
|turn|3
|
|t:|1711943993
|switch|p2a: Ogerpon|Ogerpon-Cornerstone, F|100/100
|move|p1a: Keldeo|Surf|p2a: Ogerpon
|-damage|p2a: Ogerpon|47/100
|
|-heal|p1a: Keldeo|87/100|[from] item: Leftovers
|upkeep
|turn|4
|c|☆bigpapa0of|:v
|
|t:|1711944003
|move|p1a: Keldeo|Vacuum Wave|p2a: Ogerpon
|-supereffective|p2a: Ogerpon
|-damage|p2a: Ogerpon|0 fnt
|faint|p2a: Ogerpon
|
|-heal|p1a: Keldeo|94/100|[from] item: Leftovers
|upkeep
|c|☆bigpapa0of|:V
|
|t:|1711944010
|switch|p2a: Iron Boulder|Iron Boulder|100/100
|turn|5
|
|t:|1711944018
|switch|p1a: Scrafty|Scrafty, F|100/100
|move|p2a: Iron Boulder|Wild Charge|p1a: Scrafty
|-damage|p1a: Scrafty|75/100
|-damage|p2a: Iron Boulder|94/100|[from] Recoil
|
|-heal|p1a: Scrafty|81/100|[from] item: Leftovers
|upkeep
|turn|6
|j| endallbeallball
|
|t:|1711944026
|-end|p2a: Iron Boulder|Quark Drive|[silent]
|switch|p2a: Tyranitar|Tyranitar, M|100/100
|-weather|Sandstorm|[from] ability: Sand Stream|[of] p2a: Tyranitar
|move|p1a: Scrafty|Drain Punch|p2a: Tyranitar
|-supereffective|p2a: Tyranitar
|-damage|p2a: Tyranitar|28/100
|-heal|p1a: Scrafty|100/100|[from] drain|[of] p2a: Tyranitar
|
|-weather|Sandstorm|[upkeep]
|-damage|p1a: Scrafty|94/100|[from] Sandstorm
|-heal|p1a: Scrafty|100/100|[from] item: Leftovers
|-heal|p2a: Tyranitar|34/100|[from] item: Leftovers
|upkeep
|turn|7
|j| bruised thighs
|l| endallbeallball
|
|t:|1711944043
|switch|p2a: Iron Boulder|Iron Boulder|94/100
|move|p1a: Scrafty|Drain Punch|p2a: Iron Boulder
|-damage|p2a: Iron Boulder|63/100
|
|-weather|Sandstorm|[upkeep]
|-damage|p1a: Scrafty|94/100|[from] Sandstorm
|-heal|p1a: Scrafty|100/100|[from] item: Leftovers
|upkeep
|turn|8
|
|t:|1711944054
|switch|p1a: Okidogi|Okidogi, M|100/100
|move|p2a: Iron Boulder|Close Combat|p1a: Okidogi
|-resisted|p1a: Okidogi
|-damage|p1a: Okidogi|86/100
|-unboost|p2a: Iron Boulder|def|1
|-unboost|p2a: Iron Boulder|spd|1
|
|-weather|Sandstorm|[upkeep]
|-damage|p1a: Okidogi|80/100|[from] Sandstorm
|upkeep
|turn|9
|
|t:|1711944067
|-end|p2a: Iron Boulder|Quark Drive|[silent]
|switch|p2a: Terrakion|Terrakion|100/100
|switch|p1a: Keldeo|Keldeo|94/100
|
|-weather|Sandstorm|[upkeep]
|-damage|p1a: Keldeo|87/100|[from] Sandstorm
|-heal|p1a: Keldeo|94/100|[from] item: Leftovers
|upkeep
|turn|10
|
|t:|1711944084
|move|p1a: Keldeo|Surf|p2a: Terrakion
|-supereffective|p2a: Terrakion
|-damage|p2a: Terrakion|34/100
|move|p2a: Terrakion|Close Combat|p1a: Keldeo
|-damage|p1a: Keldeo|0 fnt
|-unboost|p2a: Terrakion|def|1
|-unboost|p2a: Terrakion|spd|1
|faint|p1a: Keldeo
|
|-weather|none
|upkeep
|
|t:|1711944091
|switch|p1a: Cobalion|Cobalion|100/100
|turn|11
|
|t:|1711944095
|move|p1a: Cobalion|Flash Cannon|p2a: Terrakion
|-supereffective|p2a: Terrakion
|-damage|p2a: Terrakion|0 fnt
|faint|p2a: Terrakion
|
|upkeep
|
|t:|1711944099
|switch|p2a: Iron Boulder|Iron Boulder|63/100
|turn|12
|
|t:|1711944110
|switch|p1a: Breloom|Breloom, M|100/100
|move|p2a: Iron Boulder|Earthquake|p1a: Breloom
|-resisted|p1a: Breloom
|-damage|p1a: Breloom|73/100
|
|upkeep
|turn|13
|
|t:|1711944116
|-end|p2a: Iron Boulder|Quark Drive|[silent]
|switch|p2a: Coalossal|Coalossal, F|100/100
|move|p1a: Breloom|Mach Punch|p2a: Coalossal
|-supereffective|p2a: Coalossal
|-damage|p2a: Coalossal|67/100
|-status|p1a: Breloom|brn|[from] ability: Flame Body|[of] p2a: Coalossal
|
|-damage|p1a: Breloom|67/100 brn|[from] brn
|upkeep
|turn|14
|
|t:|1711944125
|move|p1a: Breloom|Spore|p2a: Coalossal
|-status|p2a: Coalossal|slp|[from] move: Spore
|cant|p2a: Coalossal|slp
|
|-damage|p1a: Breloom|61/100 brn|[from] brn
|upkeep
|turn|15
|
|t:|1711944133
|switch|p2a: Iron Boulder|Iron Boulder|63/100
|move|p1a: Breloom|Bullet Seed|p2a: Iron Boulder
|-supereffective|p2a: Iron Boulder
|-damage|p2a: Iron Boulder|38/100
|-supereffective|p2a: Iron Boulder
|-damage|p2a: Iron Boulder|12/100
|-supereffective|p2a: Iron Boulder
|-damage|p2a: Iron Boulder|0 fnt
|faint|p2a: Iron Boulder
|-end|p2a: Iron Boulder|Quark Drive|[silent]
|-hitcount|p2: Iron Boulder|3
|
|-damage|p1a: Breloom|55/100 brn|[from] brn
|upkeep
|
|t:|1711944145
|switch|p2a: Rhyperior|Rhyperior, F|55/100
|turn|16
|
|t:|1711944150
|move|p1a: Breloom|Bullet Seed|p2a: Rhyperior
|-supereffective|p2a: Rhyperior
|-damage|p2a: Rhyperior|37/100
|-supereffective|p2a: Rhyperior
|-damage|p2a: Rhyperior|19/100
|-supereffective|p2a: Rhyperior
|-damage|p2a: Rhyperior|0 fnt
|faint|p2a: Rhyperior
|-hitcount|p2: Rhyperior|3
|
|-damage|p1a: Breloom|48/100 brn|[from] brn
|upkeep
|
|t:|1711944157
|switch|p2a: Coalossal|Coalossal, F|67/100 slp
|turn|17
|
|t:|1711944165
|move|p1a: Breloom|Bullet Seed|p2a: Coalossal
|-damage|p2a: Coalossal|61/100 slp
|-damage|p2a: Coalossal|57/100 slp
|-damage|p2a: Coalossal|52/100 slp
|-damage|p2a: Coalossal|46/100 slp
|-hitcount|p2a: Coalossal|4
|cant|p2a: Coalossal|slp
|
|-damage|p1a: Breloom|42/100 brn|[from] brn
|upkeep
|turn|18
|
|t:|1711944175
|move|p1a: Breloom|Bullet Seed|p2a: Coalossal
|-damage|p2a: Coalossal|42/100 slp
|-damage|p2a: Coalossal|36/100 slp
|-damage|p2a: Coalossal|31/100 slp
|-damage|p2a: Coalossal|26/100 slp
|-hitcount|p2a: Coalossal|4
|cant|p2a: Coalossal|slp
|
|-damage|p1a: Breloom|36/100 brn|[from] brn
|upkeep
|turn|19
|
|t:|1711944186
|move|p1a: Breloom|Rock Tomb|p2a: Coalossal
|-supereffective|p2a: Coalossal
|-damage|p2a: Coalossal|10/100 slp
|-unboost|p2a: Coalossal|spe|1
|-curestatus|p2a: Coalossal|slp|[msg]
|move|p2a: Coalossal|Flamethrower|p1a: Breloom
|-supereffective|p1a: Breloom
|-damage|p1a: Breloom|0 fnt
|faint|p1a: Breloom
|
|upkeep
|l| 2(sweet)
|
|t:|1711944190
|switch|p1a: Cobalion|Cobalion|100/100
|turn|20
|
|t:|1711944199
|move|p1a: Cobalion|Volt Switch|p2a: Coalossal
|-damage|p2a: Coalossal|0 fnt
|faint|p2a: Coalossal
|
|t:|1711944201
|switch|p1a: Slither Wing|Slither Wing|100/100|[from] Volt Switch
|
|upkeep
|c|☆bigpapa0of|Gg
|l| WoomsTourGuide
|
|t:|1711944205
|switch|p2a: Tyranitar|Tyranitar, M|34/100
|-weather|Sandstorm|[from] ability: Sand Stream|[of] p2a: Tyranitar
|turn|21
|c|☆Liliacae|gg
|
|t:|1711944211
|move|p1a: Slither Wing|First Impression|p2a: Tyranitar
|-supereffective|p2a: Tyranitar
|-damage|p2a: Tyranitar|0 fnt
|faint|p2a: Tyranitar
|
|win|bigpapa0of
|n|☆bigpapa0of|bigpapa0of
|n|☆Liliacae|liliacae
|n| mauby ♆|mauby
|n| bruised thighs|bruisedthighs
|j| mistchief
|l| mistchief
|l| bruised thighs
|l|☆bigpapa0of
|player|p1|
