{"id":"gen9monotype-2093355256","format":"[Gen 9] Monotype","players":["megalord.exe","oreobeam"],"log":"|j|\u2606megalord.exe\n|j|\u2606oreobeam\n|t:|1711943627\n|gametype|singles\n|player|p1|megalord.exe|wally-masters|1320\n|player|p2|oreobeam|janitor-gen9|1291\n|teamsize|p1|6\n|teamsize|p2|6\n|gen|9\n|tier|[Gen 9] Monotype\n|rated|\n|rule|Sleep Clause Mod: Limit one foe put to sleep\n|rule|Species Clause: Limit one of each Pok\u00e9mon\n|rule|OHKO Clause: OHKO moves are banned\n|rule|Evasion Items Clause: Evasion items are banned\n|rule|Evasion Moves Clause: Evasion moves are banned\n|rule|Endless Battle Clause: Forcing endless battles is banned\n|rule|HP Percentage Mod: HP is shown in percentages\n|rule|Evasion Abilities Clause: Evasion abilities are banned\n|rule|Same Type Clause: Pok\u00e9mon in a team must share a type\n|rule|Terastal Clause: You cannot Terastallize\n|clearpoke\n|poke|p1|Great Tusk|\n|poke|p1|Iron Valiant|\n|poke|p1|Sneasler, F|\n|poke|p1|Zamazenta-*|\n|poke|p1|Iron Hands|\n|poke|p1|Urshifu-*, F|\n|poke|p2|Quagsire, F|\n|poke|p2|Clodsire, M|\n|poke|p2|Ursaluna-Bloodmoon, M|\n|poke|p2|Landorus, M|\n|poke|p2|Iron Treads|\n|poke|p2|Great Tusk|\n|teampreview\n|inactive|Battle timer is ON: inactive players will automatically lose when time's up. (requested by oreobeam)\n|inactive|megalord.exe also wants the timer to be on.\n|inactive|oreobeam has 120 seconds left.\n|\n|t:|1711943663\n|start\n|switch|p1a: Sneasler|Sneasler, F|100\/100\n|switch|p2a: Landorus|Landorus, M|100\/100\n|turn|1\n|\n|t:|1711943672\n|move|p1a: Sneasler|U-turn|p2a: Landorus\n|-resisted|p2a: Landorus\n|-damage|p2a: Landorus|87\/100\n|\n|t:|1711943675\n|switch|p1a: Iron Hands|Iron Hands|100\/100|[from] U-turn\n|move|p2a: Landorus|Earth Power|p1a: Iron Hands\n|-supereffective|p1a: Iron Hands\n|-damage|p1a: Iron Hands|39\/100\n|\n|upkeep\n|turn|2\n|\n|t:|1711943681\n|move|p2a: Landorus|Earth Power|p1a: Iron Hands\n|-supereffective|p1a: Iron Hands\n|-damage|p1a: Iron Hands|0 fnt\n|faint|p1a: Iron Hands\n|-end|p1a: Iron Hands|Quark Drive|[silent]\n|\n|upkeep\n|inactive|megalord.exe has 120 seconds left.\n|\n|t:|1711943723\n|switch|p1a: Iron Valiant|Iron Valiant|100\/100\n|turn|3\n|\n|t:|1711943737\n|switch|p2a: Clodsire|Clodsire, M|100\/100\n|move|p1a: Iron Valiant|Moonblast|p2a: Clodsire\n|-resisted|p2a: Clodsire\n|-damage|p2a: Clodsire|86\/100\n|\n|upkeep\n|turn|4\n|\n|t:|1711943743\n|move|p1a: Iron Valiant|Knock Off|p2a: Clodsire\n|-damage|p2a: Clodsire|61\/100\n|-enditem|p2a: Clodsire|Heavy-Duty Boots|[from] move: Knock Off|[of] p1a: Iron Valiant\n|move|p2a: Clodsire|Toxic|p1a: Iron Valiant\n|-status|p1a: Iron Valiant|tox\n|\n|-damage|p1a: Iron Valiant|94\/100 tox|[from] psn\n|upkeep\n|turn|5\n|inactive|megalord.exe has 120 seconds left.\n|\n|t:|1711943772\n|move|p1a: Iron Valiant|Close Combat|p2a: Clodsire\n|-resisted|p2a: Clodsire\n|-damage|p2a: Clodsire|39\/100\n|-unboost|p1a: Iron Valiant|def|1\n|-unboost|p1a: Iron Valiant|spd|1\n|move|p2a: Clodsire|Recover|p2a: Clodsire\n|-heal|p2a: Clodsire|89\/100\n|\n|-damage|p1a: Iron Valiant|82\/100 tox|[from] psn\n|upkeep\n|turn|6\n|\n|t:|1711943782\n|-end|p1a: Iron Valiant|Quark Drive|[silent]\n|switch|p1a: Zamazenta|Zamazenta|100\/100\n|-ability|p1a: Zamazenta|Dauntless Shield|boost\n|-boost|p1a: Zamazenta|def|1\n|move|p2a: Clodsire|Spikes|p1a: Zamazenta\n|-sidestart|p1: megalord.exe|Spikes\n|\n|upkeep\n|turn|7\n|\n|t:|1711943788\n|move|p1a: Zamazenta|Substitute|p1a: Zamazenta\n|-start|p1a: Zamazenta|Substitute\n|-damage|p1a: Zamazenta|75\/100\n|move|p2a: Clodsire|Toxic||[still]\n|-fail|p2a: Clodsire\n|\n|-heal|p1a: Zamazenta|82\/100|[from] item: Leftovers\n|upkeep\n|turn|8\n|\n|t:|1711943798\n|switch|p2a: Quagsire|Quagsire, F|100\/100\n|move|p1a: Zamazenta|Iron Defense|p1a: Zamazenta\n|-boost|p1a: Zamazenta|def|2\n|\n|-heal|p1a: Zamazenta|88\/100|[from] item: Leftovers\n|upkeep\n|turn|9\n|\n|t:|1711943809\n|move|p1a: Zamazenta|Body Press|p2a: Quagsire\n|-damage|p2a: Quagsire|78\/100\n|move|p2a: Quagsire|Stealth Rock|p1a: Zamazenta\n|-sidestart|p1: megalord.exe|move: Stealth Rock\n|\n|-heal|p1a: Zamazenta|94\/100|[from] item: Leftovers\n|-heal|p2a: Quagsire|84\/100|[from] item: Leftovers\n|upkeep\n|turn|10\n|\n|t:|1711943825\n|switch|p1a: Great Tusk|Great Tusk|100\/100\n|move|p2a: Quagsire|Body Press|p1a: Great Tusk\n|-damage|p1a: Great Tusk|90\/100\n|\n|-heal|p2a: Quagsire|90\/100|[from] item: Leftovers\n|upkeep\n|turn|11\n|\n|t:|1711943836\n|move|p1a: Great Tusk|Rapid Spin|p2a: Quagsire\n|-damage|p2a: Quagsire|81\/100\n|-boost|p1a: Great Tusk|spe|1\n|-sideend|p1: megalord.exe|Spikes|[from] move: Rapid Spin|[of] p1a: Great Tusk\n|-sideend|p1: megalord.exe|Stealth Rock|[from] move: Rapid Spin|[of] p1a: Great Tusk\n|move|p2a: Quagsire|Toxic|p1a: Great Tusk\n|-status|p1a: Great Tusk|tox\n|\n|-heal|p2a: Quagsire|87\/100|[from] item: Leftovers\n|-damage|p1a: Great Tusk|84\/100 tox|[from] psn\n|upkeep\n|turn|12\n|\n|t:|1711943849\n|move|p1a: Great Tusk|Stealth Rock|p2a: Quagsire\n|-sidestart|p2: oreobeam|move: Stealth Rock\n|move|p2a: Quagsire|Body Press|p1a: Great Tusk\n|-crit|p1a: Great Tusk\n|-damage|p1a: Great Tusk|67\/100 tox\n|\n|-heal|p2a: Quagsire|93\/100|[from] item: Leftovers\n|-damage|p1a: Great Tusk|55\/100 tox|[from] psn\n|upkeep\n|turn|13\n|\n|t:|1711943857\n|-end|p1a: Great Tusk|Protosynthesis|[silent]\n|switch|p1a: Sneasler|Sneasler, F|100\/100\n|move|p2a: Quagsire|Body Press|p1a: Sneasler\n|-resisted|p1a: Sneasler\n|-damage|p1a: Sneasler|83\/100\n|\n|-heal|p2a: Quagsire|99\/100|[from] item: Leftovers\n|upkeep\n|turn|14\n|\n|t:|1711943866\n|move|p1a: Sneasler|Dire Claw|p2a: Quagsire\n|-resisted|p2a: Quagsire\n|-damage|p2a: Quagsire|86\/100\n|-status|p2a: Quagsire|slp\n|cant|p2a: Quagsire|slp\n|\n|-heal|p2a: Quagsire|92\/100 slp|[from] item: Leftovers\n|upkeep\n|turn|15\n|c|\u2606megalord.exe|rng help me\n|c|\u2606megalord.exe|LETS GOO\n|\n|t:|1711943881\n|switch|p1a: Iron Valiant|Iron Valiant|82\/100 tox\n|cant|p2a: Quagsire|slp\n|\n|-heal|p2a: Quagsire|98\/100 slp|[from] item: Leftovers\n|-damage|p1a: Iron Valiant|76\/100 tox|[from] psn\n|upkeep\n|turn|16\n|\n|t:|1711943892\n|move|p1a: Iron Valiant|Moonblast|p2a: Quagsire\n|-crit|p2a: Quagsire\n|-damage|p2a: Quagsire|5\/100 slp\n|-unboost|p2a: Quagsire|spa|1\n|cant|p2a: Quagsire|slp\n|\n|-heal|p2a: Quagsire|11\/100 slp|[from] item: Leftovers\n|-damage|p1a: Iron Valiant|63\/100 tox|[from] psn\n|upkeep\n|turn|17\n|\n|t:|1711943905\n|switch|p2a: Clodsire|Clodsire, M|89\/100\n|-damage|p2a: Clodsire|83\/100|[from] Stealth Rock\n|move|p1a: Iron Valiant|Knock Off|p2a: Clodsire\n|-damage|p2a: Clodsire|65\/100\n|\n|-damage|p1a: Iron Valiant|44\/100 tox|[from] psn\n|upkeep\n|turn|18\n|\n|t:|1711943915\n|-end|p1a: Iron Valiant|Quark Drive|[silent]\n|switch|p1a: Great Tusk|Great Tusk|55\/100 tox\n|move|p2a: Clodsire|Spikes|p1a: Great Tusk\n|-sidestart|p1: megalord.exe|Spikes\n|\n|-damage|p1a: Great Tusk|49\/100 tox|[from] psn\n|upkeep\n|turn|19\n|\n|t:|1711943922\n|move|p1a: Great Tusk|Rapid Spin|p2a: Clodsire\n|-damage|p2a: Clodsire|51\/100\n|-boost|p1a: Great Tusk|spe|1\n|-sideend|p1: megalord.exe|Spikes|[from] move: Rapid Spin|[of] p1a: Great Tusk\n|move|p2a: Clodsire|Earthquake|p1a: Great Tusk\n|-damage|p1a: Great Tusk|37\/100 tox\n|\n|-damage|p1a: Great Tusk|24\/100 tox|[from] psn\n|upkeep\n|turn|20\n|\n|t:|1711943930\n|move|p1a: Great Tusk|Earthquake|p2a: Clodsire\n|-supereffective|p2a: Clodsire\n|-damage|p2a: Clodsire|0 fnt\n|faint|p2a: Clodsire\n|\n|-damage|p1a: Great Tusk|6\/100 tox|[from] psn\n|upkeep\n|\n|t:|1711943941\n|switch|p2a: Ursaluna|Ursaluna-Bloodmoon, M|100\/100\n|-damage|p2a: Ursaluna|94\/100|[from] Stealth Rock\n|turn|21\n|\n|t:|1711943945\n|move|p2a: Ursaluna|Vacuum Wave|p1a: Great Tusk\n|-damage|p1a: Great Tusk|0 fnt\n|faint|p1a: Great Tusk\n|-end|p1a: Great Tusk|Protosynthesis|[silent]\n|\n|upkeep\n|\n|t:|1711943948\n|switch|p1a: Sneasler|Sneasler, F|83\/100\n|turn|22\n|\n|t:|1711943956\n|switch|p2a: Quagsire|Quagsire, F|11\/100 slp\n|-damage|p2a: Quagsire|5\/100 slp|[from] Stealth Rock\n|move|p1a: Sneasler|Close Combat|p2a: Quagsire\n|-damage|p2a: Quagsire|0 fnt\n|-unboost|p1a: Sneasler|def|1\n|-unboost|p1a: Sneasler|spd|1\n|faint|p2a: Quagsire\n|\n|upkeep\n|\n|t:|1711943967\n|switch|p2a: Iron Treads|Iron Treads|100\/100\n|-damage|p2a: Iron Treads|97\/100|[from] Stealth Rock\n|turn|23\n|\n|t:|1711943975\n|move|p1a: Sneasler|Close Combat|p2a: Iron Treads\n|-supereffective|p2a: Iron Treads\n|-crit|p2a: Iron Treads\n|-damage|p2a: Iron Treads|0 fnt\n|-unboost|p1a: Sneasler|def|1\n|-unboost|p1a: Sneasler|spd|1\n|faint|p2a: Iron Treads\n|-end|p2a: Iron Treads|Quark Drive|[silent]\n|\n|upkeep\n|\n|t:|1711943982\n|switch|p2a: Landorus|Landorus, M|87\/100\n|-damage|p2a: Landorus|75\/100|[from] Stealth Rock\n|turn|24\n|\n|t:|1711943986\n|move|p1a: Sneasler|Close Combat|p2a: Landorus\n|-resisted|p2a: Landorus\n|-damage|p2a: Landorus|40\/100\n|-unboost|p1a: Sneasler|def|1\n|-unboost|p1a: Sneasler|spd|1\n|-status|p2a: Landorus|psn|[from] ability: Poison Touch|[of] p1a: Sneasler\n|move|p2a: Landorus|Earth Power|p1a: Sneasler\n|-supereffective|p1a: Sneasler\n|-damage|p1a: Sneasler|0 fnt\n|faint|p1a: Sneasler\n|\n|-damage|p2a: Landorus|28\/100 psn|[from] psn\n|upkeep\n|\n|t:|1711944004\n|switch|p1a: Iron Valiant|Iron Valiant|44\/100 tox\n|turn|25\n|inactive|megalord.exe has 120 seconds left.\n|\n|t:|1711944036\n|move|p1a: Iron Valiant|Moonblast|p2a: Landorus\n|-damage|p2a: Landorus|0 fnt\n|faint|p2a: Landorus\n|\n|-damage|p1a: Iron Valiant|38\/100 tox|[from] psn\n|upkeep\n|\n|t:|1711944049\n|switch|p2a: Ursaluna|Ursaluna-Bloodmoon, M|94\/100\n|-damage|p2a: Ursaluna|88\/100|[from] Stealth Rock\n|turn|26\n|\n|t:|1711944055\n|move|p1a: Iron Valiant|Close Combat|p2a: Ursaluna\n|-supereffective|p2a: Ursaluna\n|-damage|p2a: Ursaluna|1\/100\n|-unboost|p1a: Iron Valiant|def|1\n|-unboost|p1a: Iron Valiant|spd|1\n|move|p2a: Ursaluna|Earth Power|p1a: Iron Valiant\n|-damage|p1a: Iron Valiant|0 fnt\n|faint|p1a: Iron Valiant\n|-end|p1a: Iron Valiant|Quark Drive|[silent]\n|\n|upkeep\n|\n|t:|1711944059\n|switch|p1a: Urshifu|Urshifu-Rapid-Strike, F|100\/100\n|turn|27\n|\n|t:|1711944066\n|switch|p2a: Great Tusk|Great Tusk|100\/100\n|-damage|p2a: Great Tusk|98\/100|[from] Stealth Rock\n|move|p1a: Urshifu|Aqua Jet|p2a: Great Tusk\n|-supereffective|p2a: Great Tusk\n|-damage|p2a: Great Tusk|67\/100\n|\n|-heal|p2a: Great Tusk|73\/100|[from] item: Leftovers\n|upkeep\n|turn|28\n|\n|t:|1711944074\n|move|p1a: Urshifu|Surging Strikes|p2a: Great Tusk\n|-supereffective|p2a: Great Tusk\n|-crit|p2a: Great Tusk\n|-damage|p2a: Great Tusk|44\/100\n|-supereffective|p2a: Great Tusk\n|-crit|p2a: Great Tusk\n|-damage|p2a: Great Tusk|12\/100\n|-supereffective|p2a: Great Tusk\n|-crit|p2a: Great Tusk\n|-damage|p2a: Great Tusk|0 fnt\n|faint|p2a: Great Tusk\n|-end|p2a: Great Tusk|Protosynthesis|[silent]\n|-hitcount|p2: Great Tusk|3\n|\n|upkeep\n|c|\u2606megalord.exe|gg\n|\n|t:|1711944086\n|switch|p2a: Ursaluna|Ursaluna-Bloodmoon, M|1\/100\n|-damage|p2a: Ursaluna|0 fnt|[from] Stealth Rock\n|faint|p2a: Ursaluna\n|\n|win|megalord.exe\n|raw|megalord.exe's rating: 1320 &rarr; <strong>1338<\/strong><br \/>(+18 for winning)\n|raw|oreobeam's rating: 1291 &rarr; <strong>1268<\/strong><br \/>(-23 for losing)\n|c|\u2606oreobeam|gg\n|l|\u2606oreobeam\n|player|p2|\n","uploadtime":1711944097,"views":8,"formatid":"gen9monotype","rating":1268,"private":0,"password":null}