|j|☆bigpapa0of
|j|☆ShadowKipper
|inactive|Battle timer is ON: inactive players will automatically lose when time's up.
|t:|1711943367
|gametype|singles
|player|p1|bigpapa0of|clay|
|player|p2|ShadowKipper|backpacker|
|teamsize|p1|6
|teamsize|p2|6
|gen|9
|tier|[Gen 9] Monotype
|rated|Tournament battle
|rule|Sleep Clause Mod: Limit one foe put to sleep
|rule|Species Clause: Limit one of each Pokémon
|rule|OHKO Clause: OHKO moves are banned
|rule|Evasion Items Clause: Evasion items are banned
|rule|Evasion Moves Clause: Evasion moves are banned
|rule|Endless Battle Clause: Forcing endless battles is banned
|rule|HP Percentage Mod: HP is shown in percentages
|rule|Evasion Abilities Clause: Evasion abilities are banned
|rule|Same Type Clause: Pokémon in a team must share a type
|rule|Terastal Clause: You cannot Terastallize
|clearpoke
|poke|p1|Slither Wing|
|poke|p1|Cobalion|
|poke|p1|Keldeo|
|poke|p1|Scrafty, F|
|poke|p1|Okidogi, M|
|poke|p1|Breloom, M|
|poke|p2|Ditto|
|poke|p2|Blissey, F|
|poke|p2|Ursaluna, M|
|poke|p2|Braviary, M|
|poke|p2|Porygon2|
|poke|p2|Meloetta|
|teampreview
|
|t:|1711943390
|start
|switch|p1a: Breloom|Breloom, M|100/100
|switch|p2a: Braviary|Braviary, M|100/100
|turn|1
|
|t:|1711943400
|move|p1a: Breloom|Spore|p2a: Braviary
|-status|p2a: Braviary|slp|[from] move: Spore
|cant|p2a: Braviary|slp
|
|upkeep
|turn|2
|j|+mauby ♆
|j| Drop A Lando
|c| Drop A Lando|get em papa
|c| Drop A Lando|do me proud
|c|☆bigpapa0of|I'll try
|c| Drop A Lando|i lost bc i didnt get a flinch on blissey
|inactive|ShadowKipper has 120 seconds left.
|c|☆bigpapa0of|This tour is my main test
|c| Drop A Lando|good good
|c|☆bigpapa0of|I made this comp like
|
|t:|1711943440
|switch|p2a: Porygon2|Porygon2|100/100
|-ability|p2a: Porygon2|Technician|[from] ability: Trace|[of] p1a: Breloom
|move|p1a: Breloom|Rock Tomb|p2a: Porygon2
|-damage|p2a: Porygon2|85/100
|-unboost|p2a: Porygon2|spe|1
|
|upkeep
|turn|3
|j| 2(sweet)
|c|☆bigpapa0of|Today
|inactive|ShadowKipper has 120 seconds left.
|l| 2(sweet)
|
|t:|1711943450
|switch|p1a: Scrafty|Scrafty, F|100/100
|move|p2a: Porygon2|Discharge|p1a: Scrafty
|-damage|p1a: Scrafty|88/100
|
|-heal|p1a: Scrafty|94/100|[from] item: Leftovers
|upkeep
|turn|4
|inactive|ShadowKipper has 120 seconds left.
|c| Drop A Lando|ok ur fine tho
|
|t:|1711943468
|switch|p2a: Ursaluna|Ursaluna, M|100/100
|move|p1a: Scrafty|Knock Off|p2a: Ursaluna
|-damage|p2a: Ursaluna|74/100
|-enditem|p2a: Ursaluna|Flame Orb|[from] move: Knock Off|[of] p1a: Scrafty
|
|-heal|p1a: Scrafty|99/100|[from] item: Leftovers
|upkeep
|turn|5
|j| endallbeallball
|c| Drop A Lando|u got this
|c| Drop A Lando|HUGE
|
|t:|1711943475
|move|p2a: Ursaluna|Drain Punch|p1a: Scrafty
|-supereffective|p1a: Scrafty
|-damage|p1a: Scrafty|50/100
|-heal|p2a: Ursaluna|95/100|[from] drain|[of] p1a: Scrafty
|move|p1a: Scrafty|Bulk Up|p1a: Scrafty
|-boost|p1a: Scrafty|atk|1
|-boost|p1a: Scrafty|def|1
|
|-heal|p1a: Scrafty|56/100|[from] item: Leftovers
|upkeep
|turn|6
|inactive|ShadowKipper has 120 seconds left.
|
|t:|1711943487
|move|p2a: Ursaluna|Trailblaze|p1a: Scrafty
|-damage|p1a: Scrafty|45/100
|-boost|p2a: Ursaluna|spe|1
|move|p1a: Scrafty|Drain Punch|p2a: Ursaluna
|-supereffective|p2a: Ursaluna
|-damage|p2a: Ursaluna|33/100
|-heal|p1a: Scrafty|82/100|[from] drain|[of] p2a: Ursaluna
|
|-heal|p1a: Scrafty|88/100|[from] item: Leftovers
|upkeep
|turn|7
|inactive|ShadowKipper has 120 seconds left.
|
|t:|1711943495
|move|p2a: Ursaluna|Drain Punch|p1a: Scrafty
|-supereffective|p1a: Scrafty
|-damage|p1a: Scrafty|55/100
|-heal|p2a: Ursaluna|47/100|[from] drain|[of] p1a: Scrafty
|move|p1a: Scrafty|Drain Punch|p2a: Ursaluna
|-supereffective|p2a: Ursaluna
|-damage|p2a: Ursaluna|0 fnt
|-heal|p1a: Scrafty|83/100|[from] drain|[of] p2a: Ursaluna
|faint|p2a: Ursaluna
|
|-heal|p1a: Scrafty|89/100|[from] item: Leftovers
|upkeep
|
|t:|1711943500
|switch|p2a: Ditto|Ditto|100/100
|-transform|p2a: Ditto|p1a: Scrafty|[from] ability: Imposter
|turn|8
|
|t:|1711943505
|switch|p1a: Okidogi|Okidogi, M|100/100
|move|p2a: Ditto|Drain Punch|p1a: Okidogi
|-resisted|p1a: Okidogi
|-damage|p1a: Okidogi|87/100
|
|upkeep
|turn|9
|c| Drop A Lando|dpunch battle
|
|t:|1711943511
|switch|p2a: Braviary|Braviary, M|100/100 slp
|move|p1a: Okidogi|Throat Chop|p2a: Braviary
|-damage|p2a: Braviary|80/100 slp
|-start|p2a: Braviary|Throat Chop|[silent]
|
|upkeep
|turn|10
|
|t:|1711943521
|switch|p1a: Cobalion|Cobalion|100/100
|cant|p2a: Braviary|slp
|
|-end|p2a: Braviary|Throat Chop|[silent]
|upkeep
|turn|11
|j| aceeeeer
|
|t:|1711943534
|move|p1a: Cobalion|Stealth Rock|p2a: Braviary
|-sidestart|p2: ShadowKipper|move: Stealth Rock
|cant|p2a: Braviary|slp
|
|upkeep
|turn|12
|c| Drop A Lando|free rocks?
|c|☆bigpapa0of|Y
|
|t:|1711943544
|switch|p1a: Breloom|Breloom, M|100/100
|-curestatus|p2a: Braviary|slp|[msg]
|move|p2a: Braviary|Defog|p1a: Breloom
|-unboost|p1a: Breloom|evasion|1
|-sideend|p2: ShadowKipper|Stealth Rock|[from] move: Defog|[of] p2a: Braviary
|
|upkeep
|turn|13
|c| Drop A Lando|awesome sauce
|
|t:|1711943549
|switch|p2a: Ditto|Ditto|100/100
|-transform|p2a: Ditto|p1a: Breloom|[from] ability: Imposter
|move|p1a: Breloom|Spore|p2a: Ditto
|-immune|p2a: Ditto
|
|upkeep
|turn|14
|
|t:|1711943559
|switch|p1a: Slither Wing|Slither Wing|100/100
|move|p2a: Ditto|Bullet Seed|p1a: Slither Wing
|-resisted|p1a: Slither Wing
|-damage|p1a: Slither Wing|86/100
|-resisted|p1a: Slither Wing
|-damage|p1a: Slither Wing|74/100
|-hitcount|p1a: Slither Wing|2
|
|upkeep
|turn|15
|
|t:|1711943573
|switch|p2a: Braviary|Braviary, M|80/100
|move|p1a: Slither Wing|U-turn|p2a: Braviary
|-resisted|p2a: Braviary
|-damage|p2a: Braviary|59/100
|
|t:|1711943576
|-end|p1a: Slither Wing|Protosynthesis|[silent]
|switch|p1a: Breloom|Breloom, M|100/100|[from] U-turn
|
|upkeep
|turn|16
|
|t:|1711943583
|switch|p2a: Porygon2|Porygon2|85/100
|-ability|p2a: Porygon2|Technician|[from] ability: Trace|[of] p1a: Breloom
|move|p1a: Breloom|Rock Tomb|p2a: Porygon2
|-damage|p2a: Porygon2|69/100
|-unboost|p2a: Porygon2|spe|1
|
|upkeep
|turn|17
|
|t:|1711943588
|switch|p2a: Ditto|Ditto|100/100
|-transform|p2a: Ditto|p1a: Breloom|[from] ability: Imposter
|move|p1a: Breloom|Spore|p2a: Ditto
|-immune|p2a: Ditto
|
|upkeep
|turn|18
|
|t:|1711943594
|switch|p1a: Cobalion|Cobalion|100/100
|move|p2a: Ditto|Bullet Seed|p1a: Cobalion
|-resisted|p1a: Cobalion
|-damage|p1a: Cobalion|92/100
|-resisted|p1a: Cobalion
|-damage|p1a: Cobalion|85/100
|-resisted|p1a: Cobalion
|-damage|p1a: Cobalion|77/100
|-hitcount|p1a: Cobalion|3
|
|upkeep
|turn|19
|
|t:|1711943606
|move|p1a: Cobalion|Volt Switch|p2a: Ditto
|-resisted|p2a: Ditto
|-damage|p2a: Ditto|85/100
|
|t:|1711943610
|switch|p1a: Slither Wing|Slither Wing|74/100|[from] Volt Switch
|move|p2a: Ditto|Bullet Seed|p1a: Slither Wing
|-resisted|p1a: Slither Wing
|-damage|p1a: Slither Wing|62/100
|-resisted|p1a: Slither Wing
|-damage|p1a: Slither Wing|50/100
|-resisted|p1a: Slither Wing
|-damage|p1a: Slither Wing|37/100
|-hitcount|p1a: Slither Wing|3
|
|upkeep
|turn|20
|
|t:|1711943622
|move|p2a: Ditto|Bullet Seed|p1a: Slither Wing
|-resisted|p1a: Slither Wing
|-damage|p1a: Slither Wing|25/100
|-resisted|p1a: Slither Wing
|-damage|p1a: Slither Wing|12/100
|-resisted|p1a: Slither Wing
|-damage|p1a: Slither Wing|0 fnt
|faint|p1a: Slither Wing
|-end|p1a: Slither Wing|Protosynthesis|[silent]
|-hitcount|p1: Slither Wing|3
|
|upkeep
|
|t:|1711943629
|switch|p1a: Okidogi|Okidogi, M|87/100
|turn|21
|c| Drop A Lando|this is how i lost btw
|c| Drop A Lando|just spammed ditto lol.
|
|t:|1711943644
|switch|p2a: Meloetta|Meloetta|100/100
|move|p1a: Okidogi|Ice Punch|p2a: Meloetta
|-damage|p2a: Meloetta|72/100
|
|upkeep
|turn|22
|
|t:|1711943662
|switch|p1a: Scrafty|Scrafty, F|89/100
|move|p2a: Meloetta|Psychic|p1a: Scrafty
|-immune|p1a: Scrafty
|
|-heal|p1a: Scrafty|95/100|[from] item: Leftovers
|upkeep
|turn|23
|inactive|ShadowKipper has 120 seconds left.
|
|t:|1711943698
|switch|p2a: Braviary|Braviary, M|59/100
|move|p1a: Scrafty|Knock Off|p2a: Braviary
|-damage|p2a: Braviary|37/100
|-enditem|p2a: Braviary|Heavy-Duty Boots|[from] move: Knock Off|[of] p1a: Scrafty
|
|-heal|p1a: Scrafty|100/100|[from] item: Leftovers
|upkeep
|turn|24
|
|t:|1711943701
|switch|p1a: Breloom|Breloom, M|100/100
|move|p2a: Braviary|Roost|p2a: Braviary
|-heal|p2a: Braviary|87/100
|-singleturn|p2a: Braviary|move: Roost
|
|upkeep
|turn|25
|inactive|ShadowKipper has 120 seconds left.
|
|t:|1711943715
|move|p1a: Breloom|Spore|p2a: Braviary
|-status|p2a: Braviary|slp|[from] move: Spore
|cant|p2a: Braviary|slp
|
|upkeep
|turn|26
|inactive|ShadowKipper has 120 seconds left.
|
|t:|1711943735
|switch|p1a: Cobalion|Cobalion|77/100
|switch|p2a: Ditto|Ditto|85/100
|-transform|p2a: Ditto|p1a: Cobalion|[from] ability: Imposter
|
|upkeep
|turn|27
|
|t:|1711943745
|move|p1a: Cobalion|Stealth Rock|p2a: Ditto
|-sidestart|p2: ShadowKipper|move: Stealth Rock
|move|p2a: Ditto|Volt Switch|p1a: Cobalion
|-damage|p1a: Cobalion|49/100
|
|t:|1711943753
|switch|p2a: Blissey|Blissey, F|100/100|[from] Volt Switch
|
|upkeep
|turn|28
|j| bruised thighs
|
|t:|1711943762
|switch|p1a: Breloom|Breloom, M|100/100
|move|p2a: Blissey|Stealth Rock|p1a: Breloom
|-sidestart|p1: bigpapa0of|move: Stealth Rock
|
|upkeep
|turn|29
|inactive|ShadowKipper has 120 seconds left.
|
|t:|1711943780
|move|p1a: Breloom|Bullet Seed|p2a: Blissey
|-damage|p2a: Blissey|81/100
|-damage|p2a: Blissey|63/100
|-hitcount|p2a: Blissey|2
|move|p2a: Blissey|Seismic Toss|p1a: Breloom
|-damage|p1a: Breloom|62/100
|
|upkeep
|turn|30
|
|t:|1711943787
|switch|p2a: Ditto|Ditto|85/100
|-damage|p2a: Ditto|73/100|[from] Stealth Rock
|-transform|p2a: Ditto|p1a: Breloom|[from] ability: Imposter
|move|p1a: Breloom|Bullet Seed|p2a: Ditto
|-resisted|p2a: Ditto
|-damage|p2a: Ditto|59/100
|-resisted|p2a: Ditto
|-damage|p2a: Ditto|46/100
|-hitcount|p2a: Ditto|2
|
|upkeep
|turn|31
|inactive|ShadowKipper has 120 seconds left.
|
|t:|1711943797
|move|p1a: Breloom|Mach Punch|p2a: Ditto
|-damage|p2a: Ditto|0 fnt
|faint|p2a: Ditto
|
|upkeep
|
|t:|1711943801
|switch|p2a: Meloetta|Meloetta|72/100
|-damage|p2a: Meloetta|60/100|[from] Stealth Rock
|turn|32
|c| Drop A Lando|are we not loaded dice?!
|c|☆bigpapa0of|N
|c| Drop A Lando|i c
|j| Liliacae
|
|t:|1711943822
|move|p1a: Breloom|Mach Punch|p2a: Meloetta
|-damage|p2a: Meloetta|23/100
|move|p2a: Meloetta|Alluring Voice|p1a: Breloom
|-supereffective|p1a: Breloom
|-damage|p1a: Breloom|0 fnt
|faint|p1a: Breloom
|
|upkeep
|
|t:|1711943829
|switch|p1a: Cobalion|Cobalion|49/100
|-damage|p1a: Cobalion|46/100|[from] Stealth Rock
|turn|33
|
|t:|1711943836
|switch|p2a: Blissey|Blissey, F|63/100
|move|p1a: Cobalion|Volt Switch|p2a: Blissey
|-damage|p2a: Blissey|56/100
|
|t:|1711943840
|switch|p1a: Okidogi|Okidogi, M|87/100|[from] Volt Switch
|-damage|p1a: Okidogi|81/100|[from] Stealth Rock
|
|upkeep
|turn|34
|
|t:|1711943859
|switch|p2a: Porygon2|Porygon2|69/100
|-damage|p2a: Porygon2|57/100|[from] Stealth Rock
|-ability|p2a: Porygon2|Toxic Chain|[from] ability: Trace|[of] p1a: Okidogi
|move|p1a: Okidogi|Brick Break|p2a: Porygon2
|-supereffective|p2a: Porygon2
|-damage|p2a: Porygon2|23/100
|
|upkeep
|turn|35
|
|t:|1711943867
|move|p1a: Okidogi|Brick Break|p2a: Porygon2
|-supereffective|p2a: Porygon2
|-damage|p2a: Porygon2|0 fnt
|faint|p2a: Porygon2
|
|upkeep
|
|t:|1711943877
|switch|p2a: Meloetta|Meloetta|23/100
|-damage|p2a: Meloetta|11/100|[from] Stealth Rock
|turn|36
|
|t:|1711943884
|move|p2a: Meloetta|Alluring Voice|p1a: Okidogi
|-damage|p1a: Okidogi|54/100
|move|p1a: Okidogi|Brick Break|p2a: Meloetta
|-damage|p2a: Meloetta|0 fnt
|faint|p2a: Meloetta
|
|upkeep
|l| bruised thighs
|
|t:|1711943889
|switch|p2a: Braviary|Braviary, M|87/100 slp
|-damage|p2a: Braviary|62/100 slp|[from] Stealth Rock
|turn|37
|
|t:|1711943893
|move|p1a: Okidogi|Ice Punch|p2a: Braviary
|-supereffective|p2a: Braviary
|-damage|p2a: Braviary|27/100 slp
|cant|p2a: Braviary|slp
|
|upkeep
|turn|38
|
|t:|1711943896
|move|p1a: Okidogi|Ice Punch|p2a: Braviary
|-supereffective|p2a: Braviary
|-damage|p2a: Braviary|0 fnt
|faint|p2a: Braviary
|
|upkeep
|
|t:|1711943898
|switch|p2a: Blissey|Blissey, F|56/100
|turn|39
|c|☆bigpapa0of|Gg
|
|t:|1711943902
|move|p1a: Okidogi|Brick Break|p2a: Blissey
|-supereffective|p2a: Blissey
|-damage|p2a: Blissey|0 fnt
|faint|p2a: Blissey
|
|win|bigpapa0of
|n|☆bigpapa0of|bigpapa0of
|n|☆ShadowKipper|shadowkipper
|n| mauby ♆|mauby
|n| Drop A Lando|dropalando
|n| endallbeallball|endallbeallball
|n| aceeeeer|aceeeeer
|n| Liliacae|liliacae
|c|☆ShadowKipper|gg
|l| aceeeeer
|c| Drop A Lando|gg
|l|☆ShadowKipper
|player|p2|
|l| Drop A Lando
