{"id":"gen9monotype-2093350062","format":"[Gen 9] Monotype","players":["Drop A Lando","ShadowKipper"],"log":"|j|\u2606Drop A Lando\n|j|\u2606ShadowKipper\n|inactive|Battle timer is ON: inactive players will automatically lose when time's up.\n|t:|1711942852\n|gametype|singles\n|player|p1|Drop A Lando|elesa-masters2|\n|player|p2|ShadowKipper|backpacker|\n|teamsize|p1|6\n|teamsize|p2|6\n|gen|9\n|tier|[Gen 9] Monotype\n|rated|Tournament battle\n|rule|Sleep Clause Mod: Limit one foe put to sleep\n|rule|Species Clause: Limit one of each Pok\u00e9mon\n|rule|OHKO Clause: OHKO moves are banned\n|rule|Evasion Items Clause: Evasion items are banned\n|rule|Evasion Moves Clause: Evasion moves are banned\n|rule|Endless Battle Clause: Forcing endless battles is banned\n|rule|HP Percentage Mod: HP is shown in percentages\n|rule|Evasion Abilities Clause: Evasion abilities are banned\n|rule|Same Type Clause: Pok\u00e9mon in a team must share a type\n|rule|Terastal Clause: You cannot Terastallize\n|clearpoke\n|poke|p1|Weavile, M|\n|poke|p1|Darkrai|\n|poke|p1|Hydreigon, F|\n|poke|p1|Grimmsnarl, M|\n|poke|p1|Moltres-Galar|\n|poke|p1|Krookodile, M|\n|poke|p2|Ditto|\n|poke|p2|Blissey, F|\n|poke|p2|Ursaluna, F|\n|poke|p2|Braviary, M|\n|poke|p2|Porygon2|\n|poke|p2|Meloetta|\n|teampreview\n|inactive|Drop A Lando also wants the timer to be on.\n|c|\u2606Drop A Lando|glhf\n|c|\u2606ShadowKipper|u2!\n|inactive|ShadowKipper has 120 seconds left.\n|j|+mauby \u2646\n|\n|t:|1711942884\n|start\n|switch|p1a: Krookodile|Krookodile, M|100\/100\n|switch|p2a: Porygon2|Porygon2|100\/100\n|-ability|p1a: Krookodile|Intimidate|boost\n|-unboost|p2a: Porygon2|atk|1\n|-ability|p2a: Porygon2|Intimidate|boost\n|-unboost|p1a: Krookodile|atk|1\n|-ability|p2a: Porygon2|Intimidate|[from] ability: Trace|[of] p1a: Krookodile\n|turn|1\n|\n|t:|1711942893\n|move|p1a: Krookodile|Knock Off|p2a: Porygon2\n|-damage|p2a: Porygon2|87\/100\n|-enditem|p2a: Porygon2|Eviolite|[from] move: Knock Off|[of] p1a: Krookodile\n|move|p2a: Porygon2|Ice Beam|p1a: Krookodile\n|-supereffective|p1a: Krookodile\n|-damage|p1a: Krookodile|43\/100\n|\n|upkeep\n|turn|2\n|\n|t:|1711942900\n|move|p1a: Krookodile|Stealth Rock|p2a: Porygon2\n|-sidestart|p2: ShadowKipper|move: Stealth Rock\n|move|p2a: Porygon2|Ice Beam|p1a: Krookodile\n|-supereffective|p1a: Krookodile\n|-damage|p1a: Krookodile|0 fnt\n|faint|p1a: Krookodile\n|\n|upkeep\n|\n|t:|1711942908\n|switch|p1a: Darkrai|Darkrai|100\/100\n|turn|3\n|\n|t:|1711942921\n|move|p1a: Darkrai|Hypnosis|p2a: Porygon2\n|-status|p2a: Porygon2|slp|[from] move: Hypnosis\n|cant|p2a: Porygon2|slp\n|\n|-damage|p2a: Porygon2|75\/100 slp|[from] ability: Bad Dreams|[of] p1a: Darkrai\n|upkeep\n|turn|4\n|\n|t:|1711942927\n|switch|p2a: Blissey|Blissey, F|100\/100\n|move|p1a: Darkrai|Nasty Plot|p1a: Darkrai\n|-boost|p1a: Darkrai|spa|2\n|\n|upkeep\n|turn|5\n|\n|t:|1711942940\n|switch|p1a: Grimmsnarl|Grimmsnarl, M|100\/100\n|move|p2a: Blissey|Seismic Toss|p1a: Grimmsnarl\n|-damage|p1a: Grimmsnarl|75\/100\n|\n|upkeep\n|turn|6\n|j|+Boomp\n|\n|t:|1711942958\n|switch|p2a: Braviary|Braviary, M|100\/100\n|move|p1a: Grimmsnarl|Reflect|p1a: Grimmsnarl\n|-sidestart|p1: Drop A Lando|Reflect\n|\n|upkeep\n|turn|7\n|\n|t:|1711942966\n|move|p1a: Grimmsnarl|Light Screen|p1a: Grimmsnarl\n|-sidestart|p1: Drop A Lando|move: Light Screen\n|move|p2a: Braviary|Defog|p1a: Grimmsnarl\n|-unboost|p1a: Grimmsnarl|evasion|1\n|-sideend|p1: Drop A Lando|Reflect\n|-sideend|p1: Drop A Lando|move: Light Screen\n|-sideend|p2: ShadowKipper|Stealth Rock|[from] move: Defog|[of] p2a: Braviary\n|\n|upkeep\n|turn|8\n|j| bruised thighs\n|c|\u2606Drop A Lando|oh shit i forgot defog got rid of screens LOL\n|\n|t:|1711942981\n|move|p1a: Grimmsnarl|Reflect|p1a: Grimmsnarl\n|-sidestart|p1: Drop A Lando|Reflect\n|move|p2a: Braviary|U-turn|p1a: Grimmsnarl\n|-damage|p1a: Grimmsnarl|68\/100\n|\n|t:|1711942994\n|switch|p2a: Ursaluna|Ursaluna, F|100\/100|[from] U-turn\n|\n|-status|p2a: Ursaluna|brn|[from] item: Flame Orb\n|upkeep\n|turn|9\n|\n|t:|1711943001\n|move|p1a: Grimmsnarl|Parting Shot|p2a: Ursaluna\n|-unboost|p2a: Ursaluna|atk|1\n|-unboost|p2a: Ursaluna|spa|1\n|\n|t:|1711943008\n|switch|p1a: Weavile|Weavile, M|100\/100|[from] Parting Shot\n|-ability|p1a: Weavile|Pressure\n|move|p2a: Ursaluna|Trailblaze|p1a: Weavile\n|-damage|p1a: Weavile|84\/100\n|-boost|p2a: Ursaluna|spe|1\n|\n|-damage|p2a: Ursaluna|94\/100 brn|[from] brn\n|upkeep\n|turn|10\n|c|\u2606Drop A Lando|pfft wow\n|\n|t:|1711943034\n|switch|p2a: Ditto|Ditto|100\/100\n|-transform|p2a: Ditto|p1a: Weavile|[from] ability: Imposter\n|-ability|p2a: Ditto|Pressure\n|move|p1a: Weavile|Triple Axel|p2a: Ditto\n|-resisted|p2a: Ditto\n|-damage|p2a: Ditto|92\/100\n|-resisted|p2a: Ditto\n|-damage|p2a: Ditto|76\/100\n|-resisted|p2a: Ditto\n|-damage|p2a: Ditto|54\/100\n|-hitcount|p2a: Ditto|3\n|\n|upkeep\n|turn|11\n|j| endallbeallball\n|c|\u2606Drop A Lando|oh i see\n|\n|t:|1711943046\n|move|p2a: Ditto|Knock Off|p1a: Weavile\n|-resisted|p1a: Weavile\n|-damage|p1a: Weavile|65\/100\n|-enditem|p1a: Weavile|Heavy-Duty Boots|[from] move: Knock Off|[of] p2a: Ditto\n|move|p1a: Weavile|Triple Axel|p2a: Ditto|[miss]\n|-miss|p1a: Weavile|p2a: Ditto\n|\n|upkeep\n|turn|12\n|\n|t:|1711943061\n|switch|p2a: Porygon2|Porygon2|75\/100 slp\n|-ability|p2a: Porygon2|Pressure\n|-ability|p2a: Porygon2|Pressure|[from] ability: Trace|[of] p1a: Weavile\n|move|p1a: Weavile|Knock Off|p2a: Porygon2\n|-damage|p2a: Porygon2|52\/100 slp\n|\n|upkeep\n|turn|13\n|\n|t:|1711943070\n|move|p1a: Weavile|Swords Dance|p1a: Weavile\n|-boost|p1a: Weavile|atk|2\n|-curestatus|p2a: Porygon2|slp|[msg]\n|move|p2a: Porygon2|Discharge|p1a: Weavile\n|-damage|p1a: Weavile|36\/100\n|\n|upkeep\n|turn|14\n|c|\u2606Drop A Lando|bro\n|\n|t:|1711943078\n|move|p1a: Weavile|Triple Axel|p2a: Porygon2\n|-damage|p2a: Porygon2|38\/100\n|-damage|p2a: Porygon2|10\/100\n|-damage|p2a: Porygon2|0 fnt\n|faint|p2a: Porygon2\n|-hitcount|p2: Porygon2|3\n|\n|upkeep\n|c|\u2606Drop A Lando|jesus thats scary\n|\n|t:|1711943097\n|switch|p2a: Ditto|Ditto|54\/100\n|-transform|p2a: Ditto|p1a: Weavile|[from] ability: Imposter\n|-ability|p2a: Ditto|Pressure\n|turn|15\n|\n|t:|1711943106\n|move|p1a: Weavile|Ice Shard|p2a: Ditto\n|-resisted|p2a: Ditto\n|-damage|p2a: Ditto|20\/100\n|move|p2a: Ditto|Triple Axel|p1a: Weavile\n|-resisted|p1a: Weavile\n|-damage|p1a: Weavile|28\/100\n|-resisted|p1a: Weavile\n|-crit|p1a: Weavile\n|-damage|p1a: Weavile|0 fnt\n|faint|p1a: Weavile\n|-hitcount|p1: Weavile|2\n|\n|-sideend|p1: Drop A Lando|Reflect\n|upkeep\n|\n|t:|1711943113\n|switch|p1a: Grimmsnarl|Grimmsnarl, M|68\/100\n|turn|16\n|\n|t:|1711943118\n|move|p1a: Grimmsnarl|Reflect|p1a: Grimmsnarl\n|-sidestart|p1: Drop A Lando|Reflect\n|move|p2a: Ditto|Triple Axel|p1a: Grimmsnarl|[miss]\n|-miss|p2a: Ditto|p1a: Grimmsnarl\n|\n|upkeep\n|turn|17\n|\n|t:|1711943126\n|move|p2a: Ditto|Triple Axel|p1a: Grimmsnarl|[miss]\n|-miss|p2a: Ditto|p1a: Grimmsnarl\n|move|p1a: Grimmsnarl|Spirit Break|p2a: Ditto\n|-supereffective|p2a: Ditto\n|-damage|p2a: Ditto|0 fnt\n|faint|p2a: Ditto\n|\n|upkeep\n|c|\u2606Drop A Lando|LMFAO\n|c|\u2606Drop A Lando|nah thats wild af\n|\n|t:|1711943141\n|switch|p2a: Braviary|Braviary, M|100\/100\n|turn|18\n|\n|t:|1711943147\n|move|p1a: Grimmsnarl|Parting Shot|p2a: Braviary\n|-unboost|p2a: Braviary|atk|1\n|-ability|p2a: Braviary|Defiant|boost\n|-boost|p2a: Braviary|atk|2\n|-unboost|p2a: Braviary|spa|1\n|-ability|p2a: Braviary|Defiant|boost\n|-boost|p2a: Braviary|atk|2\n|c|\u2606Drop A Lando|oh rah\n|inactive|Drop A Lando has 120 seconds left.\n|\n|t:|1711943182\n|switch|p1a: Hydreigon|Hydreigon, F|100\/100|[from] Parting Shot\n|move|p2a: Braviary|Defog|p1a: Hydreigon\n|-unboost|p1a: Hydreigon|evasion|1\n|-sideend|p1: Drop A Lando|Reflect\n|\n|upkeep\n|turn|19\n|inactive|Drop A Lando has 120 seconds left.\n|\n|t:|1711943191\n|switch|p2a: Blissey|Blissey, F|100\/100\n|move|p1a: Hydreigon|Dragon Pulse|p2a: Blissey\n|-damage|p2a: Blissey|86\/100\n|\n|upkeep\n|turn|20\n|inactive|Drop A Lando has 120 seconds left.\n|\n|t:|1711943213\n|switch|p1a: Darkrai|Darkrai|100\/100\n|move|p2a: Blissey|Stealth Rock|p1a: Darkrai\n|-sidestart|p1: Drop A Lando|move: Stealth Rock\n|\n|upkeep\n|turn|21\n|\n|t:|1711943224\n|switch|p2a: Ursaluna|Ursaluna, F|94\/100 brn\n|move|p1a: Darkrai|Nasty Plot|p1a: Darkrai\n|-boost|p1a: Darkrai|spa|2\n|\n|-damage|p2a: Ursaluna|88\/100 brn|[from] brn\n|upkeep\n|turn|22\n|\n|t:|1711943232\n|move|p1a: Darkrai|Dark Pulse|p2a: Ursaluna\n|-damage|p2a: Ursaluna|5\/100 brn\n|move|p2a: Ursaluna|Drain Punch|p1a: Darkrai\n|-supereffective|p1a: Darkrai\n|-damage|p1a: Darkrai|0 fnt\n|-heal|p2a: Ursaluna|41\/100 brn|[from] drain|[of] p1a: Darkrai\n|faint|p1a: Darkrai\n|\n|-damage|p2a: Ursaluna|34\/100 brn|[from] brn\n|upkeep\n|c|\u2606Drop A Lando|bro\n|inactive|Drop A Lando has 120 seconds left.\n|inactive|Drop A Lando has 90 seconds left.\n|\n|t:|1711943277\n|switch|p1a: Grimmsnarl|Grimmsnarl, M|68\/100\n|-damage|p1a: Grimmsnarl|55\/100|[from] Stealth Rock\n|turn|23\n|\n|t:|1711943283\n|move|p1a: Grimmsnarl|Reflect|p1a: Grimmsnarl\n|-sidestart|p1: Drop A Lando|Reflect\n|move|p2a: Ursaluna|Drain Punch|p1a: Grimmsnarl\n|-damage|p1a: Grimmsnarl|40\/100\n|-heal|p2a: Ursaluna|42\/100 brn|[from] drain|[of] p1a: Grimmsnarl\n|\n|-damage|p2a: Ursaluna|36\/100 brn|[from] brn\n|upkeep\n|turn|24\n|c| bruised thighs|If you\u2019re real you use superpower scarf hydreigon for blissey\n|\n|t:|1711943295\n|move|p1a: Grimmsnarl|Light Screen|p1a: Grimmsnarl\n|-sidestart|p1: Drop A Lando|move: Light Screen\n|move|p2a: Ursaluna|Facade|p1a: Grimmsnarl\n|-damage|p1a: Grimmsnarl|0 fnt\n|faint|p1a: Grimmsnarl\n|\n|-damage|p2a: Ursaluna|30\/100 brn|[from] brn\n|upkeep\n|c|\u2606Drop A Lando|lmao nooo\n|\n|t:|1711943302\n|switch|p1a: Moltres|Moltres-Galar|100\/100\n|-damage|p1a: Moltres|76\/100|[from] Stealth Rock\n|turn|25\n|\n|t:|1711943313\n|move|p1a: Moltres|Nasty Plot|p1a: Moltres\n|-boost|p1a: Moltres|spa|2\n|move|p2a: Ursaluna|Facade|p1a: Moltres\n|-damage|p1a: Moltres|10\/100\n|-ability|p1a: Moltres|Berserk|boost\n|-boost|p1a: Moltres|spa|1\n|\n|-damage|p2a: Ursaluna|23\/100 brn|[from] brn\n|upkeep\n|turn|26\n|\n|t:|1711943319\n|move|p1a: Moltres|Fiery Wrath|p2a: Ursaluna\n|-damage|p2a: Ursaluna|0 fnt\n|faint|p2a: Ursaluna\n|\n|upkeep\n|c|\u2606Drop A Lando|how does it do so much through screen\n|\n|t:|1711943329\n|switch|p2a: Blissey|Blissey, F|86\/100\n|turn|27\n|\n|t:|1711943334\n|move|p1a: Moltres|Hurricane|p2a: Blissey\n|-damage|p2a: Blissey|43\/100\n|move|p2a: Blissey|Seismic Toss|p1a: Moltres\n|-damage|p1a: Moltres|0 fnt\n|faint|p1a: Moltres\n|\n|upkeep\n|\n|t:|1711943337\n|switch|p1a: Hydreigon|Hydreigon, F|100\/100\n|-damage|p1a: Hydreigon|88\/100|[from] Stealth Rock\n|turn|28\n|\n|t:|1711943342\n|move|p1a: Hydreigon|Nasty Plot|p1a: Hydreigon\n|-boost|p1a: Hydreigon|spa|2\n|move|p2a: Blissey|Soft-Boiled|p2a: Blissey\n|-heal|p2a: Blissey|93\/100\n|\n|upkeep\n|turn|29\n|\n|t:|1711943346\n|move|p1a: Hydreigon|Nasty Plot|p1a: Hydreigon\n|-boost|p1a: Hydreigon|spa|2\n|move|p2a: Blissey|Seismic Toss|p1a: Hydreigon\n|-damage|p1a: Hydreigon|57\/100\n|\n|upkeep\n|turn|30\n|\n|t:|1711943350\n|move|p1a: Hydreigon|Nasty Plot|p1a: Hydreigon\n|-boost|p1a: Hydreigon|spa|2\n|move|p2a: Blissey|Seismic Toss|p1a: Hydreigon\n|-damage|p1a: Hydreigon|27\/100\n|\n|-sideend|p1: Drop A Lando|Reflect\n|upkeep\n|turn|31\n|\n|t:|1711943355\n|move|p1a: Hydreigon|Dark Pulse|p2a: Blissey\n|-damage|p2a: Blissey|38\/100\n|move|p2a: Blissey|Seismic Toss|p1a: Hydreigon\n|-damage|p1a: Hydreigon|0 fnt\n|faint|p1a: Hydreigon\n|\n|win|ShadowKipper\n|n|\u2606Drop A Lando|dropalando\n|n|\u2606ShadowKipper|shadowkipper\n|n| mauby \u2646|mauby\n|n| Boomp|boomp\n|n| bruised thighs|bruisedthighs\n|n| endallbeallball|endallbeallball\n|c|\u2606ShadowKipper|gg\n|c|\u2606Drop A Lando|thats crazy\n|c|\u2606Drop A Lando|yea righto\n|c|\u2606Drop A Lando|gg\n|l|\u2606ShadowKipper\n|player|p2|\n","uploadtime":1711943363,"views":0,"formatid":"gen9monotype","rating":null,"private":0,"password":null}