{"id":"gen9monotype-2093359703","format":"[Gen 9] Monotype","players":["Revival_mist","2(sweet)"],"log":"|j|\u2606Revival_mist\n|j|\u26062(sweet)\n|t:|1711944298\n|gametype|singles\n|player|p1|Revival_mist|benga|1194\n|player|p2|2(sweet)|whitney|1244\n|teamsize|p1|6\n|teamsize|p2|6\n|gen|9\n|tier|[Gen 9] Monotype\n|rated|\n|rule|Sleep Clause Mod: Limit one foe put to sleep\n|rule|Species Clause: Limit one of each Pok\u00e9mon\n|rule|OHKO Clause: OHKO moves are banned\n|rule|Evasion Items Clause: Evasion items are banned\n|rule|Evasion Moves Clause: Evasion moves are banned\n|rule|Endless Battle Clause: Forcing endless battles is banned\n|rule|HP Percentage Mod: HP is shown in percentages\n|rule|Evasion Abilities Clause: Evasion abilities are banned\n|rule|Same Type Clause: Pok\u00e9mon in a team must share a type\n|rule|Terastal Clause: You cannot Terastallize\n|clearpoke\n|poke|p1|Corviknight, F|\n|poke|p1|Articuno|\n|poke|p1|Enamorus, F|\n|poke|p1|Zapdos|\n|poke|p1|Dragonite, F|\n|poke|p1|Gliscor, M|\n|poke|p2|Zamazenta-*|\n|poke|p2|Quaquaval, M|\n|poke|p2|Iron Hands|\n|poke|p2|Terrakion|\n|poke|p2|Great Tusk|\n|poke|p2|Gallade, M|\n|teampreview\n|\n|t:|1711944307\n|start\n|switch|p1a: Gliscor|Gliscor, M|100\/100\n|switch|p2a: Terrakion|Terrakion|100\/100\n|turn|1\n|\n|t:|1711944321\n|move|p1a: Gliscor|Protect|p1a: Gliscor\n|-singleturn|p1a: Gliscor|Protect\n|move|p2a: Terrakion|Taunt|p1a: Gliscor\n|-activate|p1a: Gliscor|move: Protect\n|\n|-status|p1a: Gliscor|tox|[from] item: Toxic Orb\n|upkeep\n|turn|2\n|\n|t:|1711944334\n|switch|p2a: Gallade|Gallade, M|100\/100\n|move|p1a: Gliscor|Earthquake|p2a: Gallade\n|-damage|p2a: Gallade|44\/100\n|\n|upkeep\n|turn|3\n|\n|t:|1711944340\n|move|p2a: Gallade|Psycho Cut|p1a: Gliscor\n|-damage|p1a: Gliscor|49\/100 tox\n|-damage|p2a: Gallade|35\/100|[from] item: Life Orb\n|move|p1a: Gliscor|Earthquake|p2a: Gallade\n|-damage|p2a: Gallade|0 fnt\n|faint|p2a: Gallade\n|\n|-heal|p1a: Gliscor|62\/100 tox|[from] ability: Poison Heal\n|upkeep\n|\n|t:|1711944343\n|switch|p2a: Quaquaval|Quaquaval, M|100\/100\n|turn|4\n|\n|t:|1711944351\n|switch|p1a: Enamorus|Enamorus, F|100\/100\n|move|p2a: Quaquaval|Aqua Step|p1a: Enamorus\n|-damage|p1a: Enamorus|23\/100\n|-boost|p2a: Quaquaval|spe|1\n|-damage|p2a: Quaquaval|91\/100|[from] item: Life Orb\n|\n|upkeep\n|turn|5\n|\n|t:|1711944356\n|move|p2a: Quaquaval|Aqua Jet|p1a: Enamorus\n|-damage|p1a: Enamorus|0 fnt\n|faint|p1a: Enamorus\n|-ability|p2a: Quaquaval|Moxie|boost\n|-boost|p2a: Quaquaval|atk|1\n|-damage|p2a: Quaquaval|81\/100|[from] item: Life Orb\n|\n|upkeep\n|\n|t:|1711944362\n|switch|p1a: Zapdos|Zapdos|100\/100\n|-ability|p1a: Zapdos|Pressure\n|turn|6\n|\n|t:|1711944368\n|switch|p2a: Iron Hands|Iron Hands|100\/100\n|move|p1a: Zapdos|Discharge|p2a: Iron Hands\n|-resisted|p2a: Iron Hands\n|-damage|p2a: Iron Hands|94\/100\n|\n|upkeep\n|turn|7\n|\n|t:|1711944373\n|move|p1a: Zapdos|Substitute|p1a: Zapdos\n|-start|p1a: Zapdos|Substitute\n|-damage|p1a: Zapdos|76\/100\n|move|p2a: Iron Hands|Ice Punch|p1a: Zapdos\n|-supereffective|p1a: Zapdos\n|-end|p1a: Zapdos|Substitute\n|\n|-heal|p1a: Zapdos|82\/100|[from] item: Leftovers\n|upkeep\n|turn|8\n|\n|t:|1711944378\n|switch|p1a: Articuno|Articuno|100\/100\n|-ability|p1a: Articuno|Pressure\n|move|p2a: Iron Hands|Ice Punch|p1a: Articuno\n|-damage|p1a: Articuno|79\/100\n|\n|upkeep\n|turn|9\n|\n|t:|1711944382\n|move|p1a: Articuno|Substitute|p1a: Articuno\n|-start|p1a: Articuno|Substitute\n|-damage|p1a: Articuno|55\/100\n|move|p2a: Iron Hands|Thunder Punch|p1a: Articuno\n|-supereffective|p1a: Articuno\n|-end|p1a: Articuno|Substitute\n|\n|upkeep\n|turn|10\n|\n|t:|1711944386\n|move|p1a: Articuno|Roost|p1a: Articuno\n|-heal|p1a: Articuno|100\/100\n|-singleturn|p1a: Articuno|move: Roost\n|move|p2a: Iron Hands|Thunder Punch|p1a: Articuno\n|-damage|p1a: Articuno|67\/100\n|\n|upkeep\n|turn|11\n|\n|t:|1711944395\n|switch|p1a: Gliscor|Gliscor, M|62\/100 tox\n|-end|p2a: Iron Hands|Quark Drive|[silent]\n|switch|p2a: Terrakion|Terrakion|100\/100\n|\n|-heal|p1a: Gliscor|74\/100 tox|[from] ability: Poison Heal\n|upkeep\n|turn|12\n|\n|t:|1711944407\n|switch|p2a: Quaquaval|Quaquaval, M|81\/100\n|move|p1a: Gliscor|Toxic|p2a: Quaquaval\n|-status|p2a: Quaquaval|tox\n|\n|-damage|p2a: Quaquaval|75\/100 tox|[from] psn\n|-heal|p1a: Gliscor|87\/100 tox|[from] ability: Poison Heal\n|upkeep\n|turn|13\n|\n|t:|1711944416\n|move|p1a: Gliscor|Protect|p1a: Gliscor\n|-singleturn|p1a: Gliscor|Protect\n|move|p2a: Quaquaval|Aqua Step|p1a: Gliscor\n|-activate|p1a: Gliscor|move: Protect\n|\n|-damage|p2a: Quaquaval|62\/100 tox|[from] psn\n|-heal|p1a: Gliscor|99\/100 tox|[from] ability: Poison Heal\n|upkeep\n|turn|14\n|\n|t:|1711944434\n|switch|p1a: Articuno|Articuno|67\/100\n|-ability|p1a: Articuno|Pressure\n|move|p2a: Quaquaval|Aqua Step|p1a: Articuno\n|-damage|p1a: Articuno|22\/100\n|-boost|p2a: Quaquaval|spe|1\n|-damage|p2a: Quaquaval|52\/100 tox|[from] item: Life Orb\n|\n|-damage|p2a: Quaquaval|34\/100 tox|[from] psn\n|upkeep\n|turn|15\n|\n|t:|1711944451\n|move|p2a: Quaquaval|Aqua Step|p1a: Articuno\n|-damage|p1a: Articuno|0 fnt\n|-boost|p2a: Quaquaval|spe|1\n|faint|p1a: Articuno\n|-ability|p2a: Quaquaval|Moxie|boost\n|-boost|p2a: Quaquaval|atk|1\n|-damage|p2a: Quaquaval|24\/100 tox|[from] item: Life Orb\n|\n|-damage|p2a: Quaquaval|0 fnt|[from] psn\n|faint|p2a: Quaquaval\n|upkeep\n|\n|t:|1711944462\n|switch|p2a: Iron Hands|Iron Hands|94\/100\n|switch|p1a: Dragonite|Dragonite, F|100\/100\n|turn|16\n|\n|t:|1711944469\n|move|p1a: Dragonite|Dragon Dance|p1a: Dragonite\n|-boost|p1a: Dragonite|atk|1\n|-boost|p1a: Dragonite|spe|1\n|move|p2a: Iron Hands|Ice Punch|p1a: Dragonite\n|-supereffective|p1a: Dragonite\n|-damage|p1a: Dragonite|53\/100\n|\n|upkeep\n|turn|17\n|\n|t:|1711944476\n|move|p1a: Dragonite|Earthquake|p2a: Iron Hands\n|-supereffective|p2a: Iron Hands\n|-damage|p2a: Iron Hands|29\/100\n|move|p2a: Iron Hands|Ice Punch|p1a: Dragonite\n|-supereffective|p1a: Dragonite\n|-damage|p1a: Dragonite|0 fnt\n|faint|p1a: Dragonite\n|\n|upkeep\n|\n|t:|1711944481\n|switch|p1a: Gliscor|Gliscor, M|99\/100 tox\n|turn|18\n|\n|t:|1711944484\n|move|p1a: Gliscor|Earthquake|p2a: Iron Hands\n|-supereffective|p2a: Iron Hands\n|-damage|p2a: Iron Hands|0 fnt\n|faint|p2a: Iron Hands\n|-end|p2a: Iron Hands|Quark Drive|[silent]\n|\n|-heal|p1a: Gliscor|100\/100 tox|[from] ability: Poison Heal\n|upkeep\n|\n|t:|1711944497\n|switch|p2a: Zamazenta|Zamazenta|100\/100\n|-ability|p2a: Zamazenta|Dauntless Shield|boost\n|-boost|p2a: Zamazenta|def|1\n|turn|19\n|\n|t:|1711944502\n|move|p1a: Gliscor|Protect|p1a: Gliscor\n|-singleturn|p1a: Gliscor|Protect\n|move|p2a: Zamazenta|Close Combat|p1a: Gliscor\n|-activate|p1a: Gliscor|move: Protect\n|\n|upkeep\n|turn|20\n|\n|t:|1711944505\n|move|p2a: Zamazenta|Close Combat|p1a: Gliscor\n|-resisted|p1a: Gliscor\n|-crit|p1a: Gliscor\n|-damage|p1a: Gliscor|43\/100 tox\n|-unboost|p2a: Zamazenta|def|1\n|-unboost|p2a: Zamazenta|spd|1\n|move|p1a: Gliscor|Toxic|p2a: Zamazenta\n|-status|p2a: Zamazenta|tox\n|\n|-damage|p2a: Zamazenta|94\/100 tox|[from] psn\n|-heal|p1a: Gliscor|56\/100 tox|[from] ability: Poison Heal\n|upkeep\n|turn|21\n|\n|t:|1711944515\n|move|p1a: Gliscor|Protect|p1a: Gliscor\n|-singleturn|p1a: Gliscor|Protect\n|move|p2a: Zamazenta|Close Combat|p1a: Gliscor\n|-activate|p1a: Gliscor|move: Protect\n|\n|-damage|p2a: Zamazenta|82\/100 tox|[from] psn\n|-heal|p1a: Gliscor|68\/100 tox|[from] ability: Poison Heal\n|upkeep\n|turn|22\n|-message|2(sweet) forfeited.\n|\n|win|Revival_mist\n|raw|Revival_mist's rating: 1194 &rarr; <strong>1223<\/strong><br \/>(+29 for winning)\n|raw|2(sweet)'s rating: 1244 &rarr; <strong>1215<\/strong><br \/>(-29 for losing)\n|l|\u26062(sweet)\n|player|p2|\n","uploadtime":1711944526,"views":0,"formatid":"gen9monotype","rating":1215,"private":0,"password":null}