|j|☆BROLYzensei420
|j|☆KingKrabk
|t:|1711943292
|gametype|singles
|player|p1|BROLYzensei420|170|1061
|player|p2|KingKrabk|nate|1068
|teamsize|p1|6
|teamsize|p2|6
|gen|9
|tier|[Gen 9] Monotype
|rated|
|rule|Sleep Clause Mod: Limit one foe put to sleep
|rule|Species Clause: Limit one of each Pokémon
|rule|OHKO Clause: OHKO moves are banned
|rule|Evasion Items Clause: Evasion items are banned
|rule|Evasion Moves Clause: Evasion moves are banned
|rule|Endless Battle Clause: Forcing endless battles is banned
|rule|HP Percentage Mod: HP is shown in percentages
|rule|Evasion Abilities Clause: Evasion abilities are banned
|rule|Same Type Clause: Pokémon in a team must share a type
|rule|Terastal Clause: You cannot Terastallize
|clearpoke
|poke|p1|Hitmonlee, M|
|poke|p1|Breloom, F|
|poke|p1|Iron Hands|
|poke|p1|Tauros-Paldea-Aqua, M|
|poke|p1|Iron Valiant|
|poke|p1|Infernape, F|
|poke|p2|Cobalion|
|poke|p2|Gholdengo|
|poke|p2|Excadrill, M|
|poke|p2|Heatran, F|
|poke|p2|Goodra-Hisui, F|
|poke|p2|Corviknight, F|
|teampreview
|
|t:|1711943315
|start
|switch|p1a: Hitmonlee|Hitmonlee, M|100/100
|switch|p2a: Excadrill|Excadrill, M|100/100
|-ability|p2a: Excadrill|Mold Breaker
|turn|1
|
|t:|1711943323
|move|p1a: Hitmonlee|Fake Out|p2a: Excadrill
|-enditem|p1a: Hitmonlee|Normal Gem|[from] gem
|-resisted|p2a: Excadrill
|-damage|p2a: Excadrill|88/100
|cant|p2a: Excadrill|flinch
|
|upkeep
|turn|2
|
|t:|1711943329
|move|p1a: Hitmonlee|High Jump Kick|p2a: Excadrill
|-supereffective|p2a: Excadrill
|-crit|p2a: Excadrill
|-damage|p2a: Excadrill|0 fnt
|faint|p2a: Excadrill
|
|upkeep
|
|t:|1711943349
|switch|p2a: Corviknight|Corviknight, F|100/100
|turn|3
|
|t:|1711943355
|move|p1a: Hitmonlee|High Jump Kick|p2a: Corviknight
|-damage|p2a: Corviknight|57/100
|move|p2a: Corviknight|Body Press|p1a: Hitmonlee
|-damage|p1a: Hitmonlee|44/100
|
|-heal|p2a: Corviknight|64/100|[from] item: Leftovers
|upkeep
|turn|4
|
|t:|1711943366
|move|p1a: Hitmonlee|Rock Slide|p2a: Corviknight
|-damage|p2a: Corviknight|47/100
|move|p2a: Corviknight|Body Press|p1a: Hitmonlee
|-damage|p1a: Hitmonlee|0 fnt
|faint|p1a: Hitmonlee
|
|-heal|p2a: Corviknight|53/100|[from] item: Leftovers
|upkeep
|
|t:|1711943380
|switch|p1a: Infernape|Infernape, F|100/100
|turn|5
|
|t:|1711943391
|move|p1a: Infernape|Overheat|p2a: Corviknight|[miss]
|-miss|p1a: Infernape|p2a: Corviknight
|move|p2a: Corviknight|Roost|p2a: Corviknight
|-heal|p2a: Corviknight|100/100
|-singleturn|p2a: Corviknight|move: Roost
|
|upkeep
|turn|6
|
|t:|1711943401
|move|p1a: Infernape|Blast Burn|p2a: Corviknight
|-supereffective|p2a: Corviknight
|-damage|p2a: Corviknight|0 fnt
|-mustrecharge|p1a: Infernape
|faint|p2a: Corviknight
|
|upkeep
|
|t:|1711943409
|switch|p2a: Heatran|Heatran, F|100/100
|turn|7
|
|t:|1711943413
|cant|p1a: Infernape|recharge
|move|p2a: Heatran|Earth Power|p1a: Infernape
|-supereffective|p1a: Infernape
|-enditem|p1a: Infernape|Focus Sash
|-damage|p1a: Infernape|1/100
|
|upkeep
|turn|8
|
|t:|1711943429
|switch|p1a: Tauros|Tauros-Paldea-Aqua, M|100/100
|-ability|p1a: Tauros|Intimidate|boost
|-unboost|p2a: Heatran|atk|1
|move|p2a: Heatran|Earth Power|p1a: Tauros
|-damage|p1a: Tauros|62/100
|-unboost|p1a: Tauros|spd|1
|
|upkeep
|turn|9
|
|t:|1711943441
|switch|p2a: Goodra|Goodra-Hisui, F|100/100
|move|p1a: Tauros|Earthquake|p2a: Goodra
|-supereffective|p2a: Goodra
|-damage|p2a: Goodra|15/100
|-damage|p1a: Tauros|52/100|[from] item: Life Orb
|
|-heal|p2a: Goodra|21/100|[from] item: Leftovers
|upkeep
|turn|10
|
|t:|1711943455
|move|p2a: Goodra|Protect|p2a: Goodra
|-singleturn|p2a: Goodra|Protect
|move|p1a: Tauros|Earthquake|p2a: Goodra
|-activate|p2a: Goodra|move: Protect
|
|-heal|p2a: Goodra|27/100|[from] item: Leftovers
|upkeep
|turn|11
|
|t:|1711943463
|move|p1a: Tauros|Earthquake|p2a: Goodra
|-supereffective|p2a: Goodra
|-damage|p2a: Goodra|0 fnt
|faint|p2a: Goodra
|-damage|p1a: Tauros|42/100|[from] item: Life Orb
|
|upkeep
|
|t:|1711943470
|switch|p2a: Gholdengo|Gholdengo|100/100
|-item|p2a: Gholdengo|Air Balloon
|turn|12
|
|t:|1711943476
|move|p1a: Tauros|Aqua Jet|p2a: Gholdengo
|-damage|p2a: Gholdengo|68/100
|-enditem|p2a: Gholdengo|Air Balloon
|-damage|p1a: Tauros|32/100|[from] item: Life Orb
|move|p2a: Gholdengo|Nasty Plot|p2a: Gholdengo
|-boost|p2a: Gholdengo|spa|2
|
|upkeep
|turn|13
|
|t:|1711943495
|move|p1a: Tauros|Aqua Jet|p2a: Gholdengo
|-damage|p2a: Gholdengo|36/100
|-damage|p1a: Tauros|23/100|[from] item: Life Orb
|move|p2a: Gholdengo|Focus Blast|p1a: Tauros
|-damage|p1a: Tauros|0 fnt
|faint|p1a: Tauros
|
|upkeep
|
|t:|1711943512
|switch|p1a: Iron Valiant|Iron Valiant|100/100
|turn|14
|
|t:|1711943523
|move|p1a: Iron Valiant|Psychic|p2a: Gholdengo
|-resisted|p2a: Gholdengo
|-crit|p2a: Gholdengo
|-damage|p2a: Gholdengo|0 fnt
|faint|p2a: Gholdengo
|
|upkeep
|
|t:|1711943529
|switch|p2a: Heatran|Heatran, F|100/100
|turn|15
|
|t:|1711943533
|move|p1a: Iron Valiant|Psychic|p2a: Heatran
|-resisted|p2a: Heatran
|-damage|p2a: Heatran|77/100
|move|p2a: Heatran|Flash Cannon|p1a: Iron Valiant
|-supereffective|p1a: Iron Valiant
|-damage|p1a: Iron Valiant|0 fnt
|faint|p1a: Iron Valiant
|-end|p1a: Iron Valiant|Quark Drive|[silent]
|
|-heal|p2a: Heatran|83/100|[from] item: Leftovers
|upkeep
|
|t:|1711943544
|switch|p1a: Breloom|Breloom, F|100/100
|turn|16
|
|t:|1711943548
|move|p1a: Breloom|Mach Punch|p2a: Heatran
|-supereffective|p2a: Heatran
|-damage|p2a: Heatran|25/100
|move|p2a: Heatran|Magma Storm|p1a: Breloom|[miss]
|-miss|p2a: Heatran|p1a: Breloom
|
|-heal|p2a: Heatran|31/100|[from] item: Leftovers
|upkeep
|turn|17
|
|t:|1711943560
|move|p1a: Breloom|Mach Punch|p2a: Heatran
|-supereffective|p2a: Heatran
|-damage|p2a: Heatran|0 fnt
|faint|p2a: Heatran
|
|upkeep
|
|t:|1711943566
|switch|p2a: Crown|Cobalion|100/100
|turn|18
|
|t:|1711943576
|move|p2a: Crown|Iron Defense|p2a: Crown
|-boost|p2a: Crown|def|2
|move|p1a: Breloom|Spore|p2a: Crown
|-status|p2a: Crown|slp|[from] move: Spore
|
|upkeep
|turn|19
|
|t:|1711943583
|move|p1a: Breloom|Mach Punch|p2a: Crown
|-supereffective|p2a: Crown
|-damage|p2a: Crown|76/100 slp
|cant|p2a: Crown|slp
|
|-heal|p2a: Crown|83/100 slp|[from] item: Leftovers
|upkeep
|turn|20
|
|t:|1711943591
|move|p1a: Breloom|Mach Punch|p2a: Crown
|-supereffective|p2a: Crown
|-damage|p2a: Crown|61/100 slp
|cant|p2a: Crown|slp
|
|-heal|p2a: Crown|68/100 slp|[from] item: Leftovers
|upkeep
|turn|21
|
|t:|1711943599
|move|p1a: Breloom|Mach Punch|p2a: Crown
|-supereffective|p2a: Crown
|-damage|p2a: Crown|45/100 slp
|-curestatus|p2a: Crown|slp|[msg]
|move|p2a: Crown|Iron Defense|p2a: Crown
|-boost|p2a: Crown|def|2
|
|-heal|p2a: Crown|51/100|[from] item: Leftovers
|upkeep
|turn|22
|
|t:|1711943609
|move|p2a: Crown|Body Press|p1a: Breloom
|-damage|p1a: Breloom|0 fnt
|faint|p1a: Breloom
|
|-heal|p2a: Crown|57/100|[from] item: Leftovers
|upkeep
|
|t:|1711943616
|switch|p1a: Infernape|Infernape, F|1/100
|turn|23
|
|t:|1711943621
|move|p2a: Crown|Body Press|p1a: Infernape
|-damage|p1a: Infernape|0 fnt
|faint|p1a: Infernape
|
|-heal|p2a: Crown|63/100|[from] item: Leftovers
|upkeep
|
|t:|1711943628
|switch|p1a: Iron Hands|Iron Hands|100/100
|turn|24
|
|t:|1711943632
|move|p1a: Iron Hands|Fake Out|p2a: Crown
|-resisted|p2a: Crown
|-crit|p2a: Crown
|-damage|p2a: Crown|56/100
|cant|p2a: Crown|flinch
|
|-heal|p2a: Crown|62/100|[from] item: Leftovers
|upkeep
|turn|25
|
|t:|1711943642
|move|p2a: Crown|Body Press|p1a: Iron Hands
|-damage|p1a: Iron Hands|12/100
|move|p1a: Iron Hands|Drain Punch|p2a: Crown
|-supereffective|p2a: Crown
|-damage|p2a: Crown|40/100
|-heal|p1a: Iron Hands|20/100|[from] drain|[of] p2a: Crown
|
|-heal|p2a: Crown|46/100|[from] item: Leftovers
|upkeep
|turn|26
|
|t:|1711943653
|move|p2a: Crown|Body Press|p1a: Iron Hands
|-damage|p1a: Iron Hands|0 fnt
|faint|p1a: Iron Hands
|-end|p1a: Iron Hands|Quark Drive|[silent]
|
|win|KingKrabk
|raw|BROLYzensei420's rating: 1061 &rarr; <strong>1042</strong><br />(-19 for losing)
|raw|KingKrabk's rating: 1068 &rarr; <strong>1097</strong><br />(+29 for winning)
|l|☆KingKrabk
|player|p2|
