|j|☆Qing James IX
|j|☆997140M
|t:|1711944809
|gametype|singles
|player|p1|Qing James IX|hoopster|1163
|player|p2|997140M|101|1096
|teamsize|p1|6
|teamsize|p2|6
|gen|9
|tier|[Gen 9] Monotype
|rated|
|rule|Sleep Clause Mod: Limit one foe put to sleep
|rule|Species Clause: Limit one of each Pokémon
|rule|OHKO Clause: OHKO moves are banned
|rule|Evasion Items Clause: Evasion items are banned
|rule|Evasion Moves Clause: Evasion moves are banned
|rule|Endless Battle Clause: Forcing endless battles is banned
|rule|HP Percentage Mod: HP is shown in percentages
|rule|Evasion Abilities Clause: Evasion abilities are banned
|rule|Same Type Clause: Pokémon in a team must share a type
|rule|Terastal Clause: You cannot Terastallize
|clearpoke
|poke|p1|Pincurchin, F|
|poke|p1|Iron Hands|
|poke|p1|Pawmot, F|
|poke|p1|Iron Thorns|
|poke|p1|Morpeko, F|
|poke|p1|Galvantula, M|
|poke|p2|Regieleki|
|poke|p2|Rotom-Wash|
|poke|p2|Zapdos|
|poke|p2|Iron Hands|
|poke|p2|Magnezone|
|poke|p2|Golem-Alola, M|
|teampreview
|inactive|Battle timer is ON: inactive players will automatically lose when time's up. (requested by 997140M)
|
|t:|1711944820
|start
|switch|p1a: Iron Hands|Iron Hands|100/100
|switch|p2a: Golem|Golem-Alola, M|100/100
|turn|1
|
|t:|1711944829
|move|p1a: Iron Hands|Drain Punch|p2a: Golem
|-supereffective|p2a: Golem
|-damage|p2a: Golem|27/100
|move|p2a: Golem|Earthquake|p1a: Iron Hands
|-supereffective|p1a: Iron Hands
|-damage|p1a: Iron Hands|53/100
|
|-heal|p2a: Golem|33/100|[from] item: Leftovers
|upkeep
|turn|2
|
|t:|1711944842
|switch|p2a: Zapdos|Zapdos|100/100
|move|p1a: Iron Hands|Drain Punch|p2a: Zapdos
|-resisted|p2a: Zapdos
|-damage|p2a: Zapdos|75/100
|-heal|p1a: Iron Hands|62/100|[from] drain|[of] p2a: Zapdos
|
|upkeep
|turn|3
|
|t:|1711944853
|move|p2a: Zapdos|U-turn|p1a: Iron Hands
|-resisted|p1a: Iron Hands
|-damage|p1a: Iron Hands|58/100
|
|t:|1711944856
|switch|p2a: Rotom|Rotom-Wash|100/100|[from] U-turn
|move|p1a: Iron Hands|Supercell Slam|p2a: Rotom
|-damage|p2a: Rotom|18/100
|
|upkeep
|turn|4
|
|t:|1711944865
|move|p2a: Rotom|Will-O-Wisp|p1a: Iron Hands
|-status|p1a: Iron Hands|brn
|move|p1a: Iron Hands|Drain Punch|p2a: Rotom
|-damage|p2a: Rotom|0 fnt
|-heal|p1a: Iron Hands|63/100 brn|[from] drain|[of] p2a: Rotom
|faint|p2a: Rotom
|
|-damage|p1a: Iron Hands|56/100 brn|[from] brn
|upkeep
|
|t:|1711944880
|switch|p2a: Regieleki|Regieleki|100/100
|turn|5
|
|t:|1711944885
|move|p2a: Regieleki|Thunderbolt|p1a: Iron Hands
|-resisted|p1a: Iron Hands
|-damage|p1a: Iron Hands|42/100 brn
|move|p1a: Iron Hands|Drain Punch|p2a: Regieleki
|-damage|p2a: Regieleki|49/100
|-heal|p1a: Iron Hands|57/100 brn|[from] drain|[of] p2a: Regieleki
|
|-damage|p1a: Iron Hands|51/100 brn|[from] brn
|upkeep
|turn|6
|-message|997140M forfeited.
|
|win|Qing James IX
|raw|Qing James IX's rating: 1163 &rarr; <strong>1183</strong><br />(+20 for winning)
|raw|997140M's rating: 1096 &rarr; <strong>1076</strong><br />(-20 for losing)
|l|☆997140M
|player|p2|
