{"id":"gen9randomdoublesbattle-2093348529","format":"[Gen 9] Random Doubles Battle","players":["pronerdgaming","wdytyaia"],"log":"|j|\u2606pronerdgaming\n|j|\u2606wdytyaia\n|t:|1711942633\n|gametype|doubles\n|player|p1|pronerdgaming|265|1428\n|player|p2|wdytyaia|flannery|1596\n|teamsize|p1|6\n|teamsize|p2|6\n|gen|9\n|tier|[Gen 9] Random Doubles Battle\n|rated|\n|rule|Species Clause: Limit one of each Pok\u00e9mon\n|rule|HP Percentage Mod: HP is shown in percentages\n|rule|Illusion Level Mod: Illusion disguises the Pok\u00e9mon's true level\n|rule|Sleep Clause Mod: Limit one foe put to sleep\n|\n|t:|1711942633\n|start\n|switch|p1a: Electrode|Electrode-Hisui, L88|249\/249\n|switch|p1b: Samurott|Samurott-Hisui, L83, F|285\/285\n|switch|p2a: Jirachi|Jirachi, L79|288\/288\n|switch|p2b: Volcanion|Volcanion, L74|239\/239\n|turn|1\n|inactive|Battle timer is ON: inactive players will automatically lose when time's up. (requested by pronerdgaming)\n|inactive|wdytyaia has 120 seconds left.\n|inactive|pronerdgaming has 120 seconds left.\n|inactive|wdytyaia has 90 seconds left.\n|\n|t:|1711942703\n|-terastallize|p2b: Volcanion|Ground\n|move|p1a: Electrode|Thunderbolt|p2b: Volcanion\n|-immune|p2b: Volcanion\n|move|p2a: Jirachi|U-turn|p1a: Electrode\n|-supereffective|p1a: Electrode\n|-damage|p1a: Electrode|153\/249\n|\n|t:|1711942712\n|switch|p2a: Tinkaton|Tinkaton, L82, F|274\/274|[from] U-turn\n|-ability|p2a: Tinkaton|Mold Breaker\n|move|p1b: Samurott|Ceaseless Edge|p2b: Volcanion\n|-crit|p2b: Volcanion\n|-damage|p2b: Volcanion|51\/239\n|-sidestart|p2: wdytyaia|Spikes\n|-damage|p1b: Samurott|257\/285|[from] item: Life Orb\n|move|p2b: Volcanion|Heat Wave|p1b: Samurott|[spread] p1a,p1b\n|-supereffective|p1a: Electrode\n|-resisted|p1b: Samurott\n|-damage|p1a: Electrode|0 fnt\n|-damage|p1b: Samurott|215\/285\n|faint|p1a: Electrode\n|\n|upkeep\n|\n|t:|1711942726\n|switch|p1a: Incineroar|Incineroar, L78, F|276\/276\n|-ability|p1a: Incineroar|Intimidate|boost\n|-unboost|p2a: Tinkaton|atk|1\n|-unboost|p2b: Volcanion|atk|1\n|turn|2\n|\n|t:|1711942747\n|move|p1b: Samurott|Protect|p1b: Samurott\n|-singleturn|p1b: Samurott|Protect\n|move|p2a: Tinkaton|Fake Out|p1b: Samurott\n|-activate|p1b: Samurott|move: Protect\n|move|p1a: Incineroar|Fake Out|p2b: Volcanion\n|-damage|p2b: Volcanion|27\/239\n|cant|p2b: Volcanion|flinch\n|\n|upkeep\n|turn|3\n|\n|t:|1711942761\n|move|p2a: Tinkaton|Encore|p1a: Incineroar\n|-start|p1a: Incineroar|Encore\n|move|p1b: Samurott|Ceaseless Edge|p2b: Volcanion\n|-damage|p2b: Volcanion|0 fnt\n|-sidestart|p2: wdytyaia|Spikes\n|faint|p2b: Volcanion\n|-damage|p1b: Samurott|187\/285|[from] item: Life Orb\n|move|p1a: Incineroar|Fake Out||[still]\n|-hint|Fake Out only works on your first turn out.\n|-fail|p1a: Incineroar\n|\n|upkeep\n|\n|t:|1711942772\n|switch|p2b: Regidrago|Regidrago, L74|418\/418\n|-damage|p2b: Regidrago|349\/418|[from] Spikes\n|turn|4\n|\n|t:|1711942790\n|switch|p1a: Bastiodon|Bastiodon, L88, M|249\/249\n|move|p2b: Regidrago|Dragon Energy|p1a: Bastiodon|[spread] p1a,p1b\n|-resisted|p1a: Bastiodon\n|-damage|p1a: Bastiodon|213\/249\n|-damage|p1b: Samurott|30\/285\n|move|p2a: Tinkaton|Play Rough|p1b: Samurott\n|-supereffective|p1b: Samurott\n|-damage|p1b: Samurott|0 fnt\n|faint|p1b: Samurott\n|\n|-heal|p1a: Bastiodon|228\/249|[from] item: Leftovers\n|upkeep\n|\n|t:|1711942797\n|switch|p1b: Incineroar|Incineroar, L78, F|276\/276\n|-ability|p1b: Incineroar|Intimidate|boost\n|-unboost|p2a: Tinkaton|atk|1\n|-unboost|p2b: Regidrago|atk|1\n|turn|5\n|\n|t:|1711942811\n|switch|p2b: Jirachi|Jirachi, L79|288\/288\n|-damage|p2b: Jirachi|240\/288|[from] Spikes\n|move|p1a: Bastiodon|Wide Guard|p1a: Bastiodon\n|-singleturn|p1a: Bastiodon|Wide Guard\n|move|p2a: Tinkaton|Encore||[still]\n|-fail|p2a: Tinkaton\n|move|p1b: Incineroar|Parting Shot|p2b: Jirachi\n|-unboost|p2b: Jirachi|atk|1\n|-unboost|p2b: Jirachi|spa|1\n|\n|t:|1711942823\n|switch|p1b: Mimikyu|Mimikyu, L82, F|224\/224|[from] Parting Shot\n|\n|-heal|p1a: Bastiodon|243\/249|[from] item: Leftovers\n|upkeep\n|turn|6\n|\n|t:|1711942835\n|switch|p1a: Incineroar|Incineroar, L78, F|276\/276\n|-ability|p1a: Incineroar|Intimidate|boost\n|-unboost|p2a: Tinkaton|atk|1\n|-unboost|p2b: Jirachi|atk|1\n|move|p1b: Mimikyu|Shadow Sneak|p2b: Jirachi\n|-supereffective|p2b: Jirachi\n|-damage|p2b: Jirachi|131\/288\n|-damage|p1b: Mimikyu|202\/224|[from] item: Life Orb\n|move|p2b: Jirachi|U-turn|p1b: Mimikyu\n|-activate|p1b: Mimikyu|ability: Disguise\n|-damage|p1b: Mimikyu|202\/224\n|detailschange|p1b: Mimikyu|Mimikyu-Busted, L82, F\n|-damage|p1b: Mimikyu|174\/224|[from] pokemon: Mimikyu-Busted\n|\n|t:|1711942839\n|switch|p2b: Venomoth|Venomoth, L89, M|269\/269|[from] U-turn\n|-damage|p2b: Venomoth|225\/269|[from] Spikes\n|move|p2a: Tinkaton|Encore||[still]\n|-fail|p2a: Tinkaton\n|\n|upkeep\n|turn|7\n|\n|t:|1711942861\n|switch|p2a: Jirachi|Jirachi, L79|131\/288\n|-damage|p2a: Jirachi|83\/288|[from] Spikes\n|move|p1b: Mimikyu|Shadow Sneak|p2b: Venomoth\n|-damage|p2b: Venomoth|163\/269\n|-damage|p1b: Mimikyu|152\/224|[from] item: Life Orb\n|move|p2b: Venomoth|Sleep Powder|p1b: Mimikyu\n|-status|p1b: Mimikyu|slp|[from] move: Sleep Powder\n|move|p1a: Incineroar|Flare Blitz|p2b: Venomoth\n|-supereffective|p2b: Venomoth\n|-damage|p2b: Venomoth|0 fnt\n|faint|p2b: Venomoth\n|-damage|p1a: Incineroar|222\/276|[from] Recoil\n|\n|upkeep\n|inactive|wdytyaia has 120 seconds left.\n|\n|t:|1711942886\n|switch|p2b: Giratina|Giratina-Origin, L76|353\/353\n|turn|8\n|\n|t:|1711942905\n|cant|p1b: Mimikyu|slp\n|move|p2a: Jirachi|U-turn|p1a: Incineroar\n|-damage|p1a: Incineroar|177\/276\n|\n|t:|1711942909\n|switch|p2a: Tinkaton|Tinkaton, L82, F|274\/274|[from] U-turn\n|-damage|p2a: Tinkaton|229\/274|[from] Spikes\n|-ability|p2a: Tinkaton|Mold Breaker\n|move|p2b: Giratina|Aura Sphere|p1a: Incineroar\n|-supereffective|p1a: Incineroar\n|-damage|p1a: Incineroar|61\/276\n|-enditem|p1a: Incineroar|Sitrus Berry|[eat]\n|-heal|p1a: Incineroar|130\/276|[from] item: Sitrus Berry\n|move|p1a: Incineroar|Knock Off|p2a: Tinkaton\n|-resisted|p2a: Tinkaton\n|-damage|p2a: Tinkaton|172\/274\n|-enditem|p2a: Tinkaton|Sitrus Berry|[from] move: Knock Off|[of] p1a: Incineroar\n|\n|upkeep\n|turn|9\n|\n|t:|1711942937\n|switch|p1a: Okidogi|Okidogi, L78, M|265\/265\n|move|p2a: Tinkaton|Fake Out|p1a: Okidogi\n|-damage|p1a: Okidogi|247\/265\n|-curestatus|p1b: Mimikyu|slp|[msg]\n|move|p1b: Mimikyu|Shadow Sneak|p2b: Giratina\n|-supereffective|p2b: Giratina\n|-damage|p2b: Giratina|259\/353\n|-damage|p1b: Mimikyu|130\/224|[from] item: Life Orb\n|move|p2b: Giratina|Aura Sphere|p1a: Okidogi\n|-resisted|p1a: Okidogi\n|-damage|p1a: Okidogi|225\/265\n|\n|upkeep\n|turn|10\n|\n|t:|1711942957\n|move|p1b: Mimikyu|Shadow Sneak|p2b: Giratina\n|-supereffective|p2b: Giratina\n|-damage|p2b: Giratina|163\/353\n|-damage|p1b: Mimikyu|108\/224|[from] item: Life Orb\n|move|p2a: Tinkaton|Gigaton Hammer|p1b: Mimikyu\n|-supereffective|p1b: Mimikyu\n|-damage|p1b: Mimikyu|0 fnt\n|faint|p1b: Mimikyu\n|move|p2b: Giratina|Will-O-Wisp|p1a: Okidogi\n|-status|p1a: Okidogi|brn\n|move|p1a: Okidogi|Knock Off|p2b: Giratina\n|-supereffective|p2b: Giratina\n|-damage|p2b: Giratina|110\/353\n|\n|-damage|p1a: Okidogi|209\/265 brn|[from] brn\n|upkeep\n|\n|t:|1711942971\n|switch|p1b: Incineroar|Incineroar, L78, F|130\/276\n|-ability|p1b: Incineroar|Intimidate|boost\n|-unboost|p2a: Tinkaton|atk|1\n|-unboost|p2b: Giratina|atk|1\n|turn|11\n|inactive|wdytyaia has 120 seconds left.\n|\n|t:|1711943001\n|move|p2a: Tinkaton|Play Rough|p1b: Incineroar\n|-damage|p1b: Incineroar|73\/276\n|move|p2b: Giratina|Aura Sphere|p1b: Incineroar\n|-supereffective|p1b: Incineroar\n|-damage|p1b: Incineroar|0 fnt\n|faint|p1b: Incineroar\n|move|p1a: Okidogi|Knock Off|p2b: Giratina\n|-supereffective|p2b: Giratina\n|-damage|p2b: Giratina|56\/353\n|\n|-damage|p1a: Okidogi|193\/265 brn|[from] brn\n|upkeep\n|\n|t:|1711943011\n|switch|p1b: Bastiodon|Bastiodon, L88, M|243\/249\n|turn|12\n|\n|t:|1711943023\n|switch|p2a: Jirachi|Jirachi, L79|83\/288\n|-damage|p2a: Jirachi|35\/288|[from] Spikes\n|-terastallize|p1b: Bastiodon|Fighting\n|move|p2b: Giratina|Will-O-Wisp|p1b: Bastiodon\n|-status|p1b: Bastiodon|brn\n|move|p1a: Okidogi|Drain Punch|p2a: Jirachi\n|-damage|p2a: Jirachi|0 fnt\n|-heal|p1a: Okidogi|211\/265 brn|[from] drain|[of] p2a: Jirachi\n|faint|p2a: Jirachi\n|move|p1b: Bastiodon|Foul Play|p2b: Giratina\n|-supereffective|p2b: Giratina\n|-damage|p2b: Giratina|5\/353\n|\n|-heal|p1b: Bastiodon|249\/249 brn|[from] item: Leftovers\n|-damage|p1a: Okidogi|195\/265 brn|[from] brn\n|-damage|p1b: Bastiodon|234\/249 brn|[from] brn\n|upkeep\n|\n|t:|1711943039\n|switch|p2a: Tinkaton|Tinkaton, L82, F|172\/274\n|-damage|p2a: Tinkaton|127\/274|[from] Spikes\n|-ability|p2a: Tinkaton|Mold Breaker\n|turn|13\n|\n|t:|1711943064\n|move|p2a: Tinkaton|Fake Out|p1b: Bastiodon\n|-damage|p1b: Bastiodon|220\/249 brn\n|move|p2b: Giratina|Shadow Force||[still]\n|-prepare|p2b: Giratina|Shadow Force\n|move|p1a: Okidogi|Snarl|p2b: Giratina|[spread] p2a\n|-miss|p1a: Okidogi|p2b: Giratina\n|-resisted|p2a: Tinkaton\n|-damage|p2a: Tinkaton|119\/274\n|-unboost|p2a: Tinkaton|spa|1\n|cant|p1b: Bastiodon|flinch\n|\n|-heal|p1b: Bastiodon|235\/249 brn|[from] item: Leftovers\n|-damage|p1a: Okidogi|179\/265 brn|[from] brn\n|-damage|p1b: Bastiodon|220\/249 brn|[from] brn\n|upkeep\n|turn|14\n|\n|t:|1711943082\n|move|p2a: Tinkaton|Gigaton Hammer|p1a: Okidogi\n|-damage|p1a: Okidogi|71\/265 brn\n|move|p2b: Giratina|Shadow Force|p1a: Okidogi|[from]lockedmove\n|-damage|p1a: Okidogi|0 fnt\n|faint|p1a: Okidogi\n|move|p1b: Bastiodon|Iron Defense|p1b: Bastiodon\n|-boost|p1b: Bastiodon|def|2\n|\n|-heal|p1b: Bastiodon|235\/249 brn|[from] item: Leftovers\n|-damage|p1b: Bastiodon|220\/249 brn|[from] brn\n|upkeep\n|turn|15\n|\n|t:|1711943098\n|move|p2a: Tinkaton|Encore|p1b: Bastiodon\n|-start|p1b: Bastiodon|Encore\n|move|p2b: Giratina|Aura Sphere|p1b: Bastiodon\n|-crit|p1b: Bastiodon\n|-damage|p1b: Bastiodon|168\/249 brn\n|move|p1b: Bastiodon|Iron Defense|p1b: Bastiodon\n|-boost|p1b: Bastiodon|def|2\n|\n|-heal|p1b: Bastiodon|183\/249 brn|[from] item: Leftovers\n|-damage|p1b: Bastiodon|168\/249 brn|[from] brn\n|upkeep\n|turn|16\n|-message|pronerdgaming forfeited.\n|\n|win|wdytyaia\n|raw|pronerdgaming's rating: 1428 &rarr; <strong>1417<\/strong><br \/>(-11 for losing)\n|raw|wdytyaia's rating: 1596 &rarr; <strong>1607<\/strong><br \/>(+11 for winning)\n|l|\u2606pronerdgaming\n|player|p1|\n","inputlog":">version 6cdde67ed88b47ab6b8ae5717517ae7b5d1ef27b\n>start {\"formatid\":\"gen9randomdoublesbattle\",\"seed\":[10696,59890,50837,26826],\"rated\":\"Rated battle\"}\n>player p1 {\"name\":\"pronerdgaming\",\"avatar\":\"265\",\"rating\":1428,\"seed\":[12011,6424,26670,58324]}\n>player p2 {\"name\":\"wdytyaia\",\"avatar\":\"flannery\",\"rating\":1596,\"seed\":[34467,51397,56161,39847]}\n>p1 move thunderbolt +2, move ceaselessedge +2\n>p2 move uturn +1, move heatwave terastallize\n>p2 switch 3, pass\n>p1 switch 5, pass\n>p1 move fakeout +2, move protect\n>p2 move fakeout +2, move earthpower +1\n>p1 move partingshot +1, move ceaselessedge +2\n>p2 move encore +1, move sludgebomb +2\n>p2 pass, switch 5\n>p1 switch 4, move ceaselessedge +2\n>p2 move playrough +2, move dragonenergy\n>p1 pass, switch 4\n>p1 move wideguard, move partingshot +2\n>p2 move encore +2, switch 3\n>p1 pass, switch 6\n>p1 switch 6, move shadowsneak +2\n>p2 move encore +1, move uturn +2\n>p2 pass, switch 4\n>p1 move flareblitz +2, move shadowsneak +2\n>p2 switch 4, move sleeppowder +2\n>p2 pass, switch 6\n>p1 move knockoff +1, move shadowsneak +1\n>p2 move uturn +1, move aurasphere +1\n>p2 switch 4, pass\n>p1 switch 3, move shadowsneak +2\n>p2 move fakeout +1, move aurasphere +1\n>p1 move knockoff +2, move shadowsneak +2\n>p2 move gigatonhammer +2, move willowisp +1\n>p1 pass, switch 3\n>p1 move knockoff +2, move flareblitz +1\n>p2 move playrough +2, move aurasphere +2\n>p1 pass, switch 6\n>p1 move drainpunch +1, move foulplay +2 terastallize\n>p2 switch 4, move willowisp +2\n>p2 switch 4, pass\n>p1 move snarl, move irondefense\n>p2 move fakeout +2, move shadowforce +1\n>p1 move snarl, move irondefense\n>p2 move gigatonhammer +1, move shadowforce +1\n>p1 pass, move bodypress +1\n>p2 move encore +2, move aurasphere +2\n>forcelose p1","uploadtime":1711943109,"views":0,"formatid":"gen9randomdoublesbattle","rating":1417,"private":0,"password":null}