{"id":"gen9randomdoublesbattle-2093367104","format":"[Gen 9] Random Doubles Battle","players":["dippysauce","ogtru"],"log":"|j|\u2606dippysauce\n|j|\u2606ogtru\n|t:|1711945460\n|gametype|doubles\n|player|p1|dippysauce|lucas|1589\n|player|p2|ogtru|riley|1552\n|teamsize|p1|6\n|teamsize|p2|6\n|gen|9\n|tier|[Gen 9] Random Doubles Battle\n|rated|\n|rule|Species Clause: Limit one of each Pok\u00e9mon\n|rule|HP Percentage Mod: HP is shown in percentages\n|rule|Illusion Level Mod: Illusion disguises the Pok\u00e9mon's true level\n|rule|Sleep Clause Mod: Limit one foe put to sleep\n|\n|t:|1711945460\n|start\n|switch|p1a: Tauros|Tauros-Paldea-Combat, L83, M|260\/260\n|switch|p1b: Shaymin|Shaymin-Sky, L77|281\/281\n|switch|p2a: Leavanny|Leavanny, L90, F|280\/280\n|switch|p2b: Necrozma|Necrozma-Dusk-Mane, L72|259\/259\n|-ability|p1a: Tauros|Intimidate|boost\n|-unboost|p2a: Leavanny|atk|1\n|-unboost|p2b: Necrozma|atk|1\n|turn|1\n|\n|t:|1711945482\n|move|p1b: Shaymin|Air Slash|p2a: Leavanny\n|-supereffective|p2a: Leavanny\n|-damage|p2a: Leavanny|0 fnt\n|faint|p2a: Leavanny\n|-damage|p1b: Shaymin|253\/281|[from] item: Life Orb\n|move|p1a: Tauros|Bulk Up|p1a: Tauros\n|-boost|p1a: Tauros|atk|1\n|-boost|p1a: Tauros|def|1\n|move|p2b: Necrozma|Photon Geyser|p1a: Tauros\n|-supereffective|p1a: Tauros\n|-damage|p1a: Tauros|60\/260\n|\n|-heal|p1a: Tauros|76\/260|[from] item: Leftovers\n|upkeep\n|\n|t:|1711945496\n|switch|p2a: Vivillon|Vivillon-Elegant, L88, M|284\/284\n|turn|2\n|\n|t:|1711945524\n|move|p1a: Tauros|Protect|p1a: Tauros\n|-singleturn|p1a: Tauros|Protect\n|move|p2a: Vivillon|Protect|p2a: Vivillon\n|-singleturn|p2a: Vivillon|Protect\n|move|p1b: Shaymin|Air Slash|p2a: Vivillon\n|-activate|p2a: Vivillon|move: Protect\n|move|p2b: Necrozma|Trick Room|p2b: Necrozma\n|-fieldstart|move: Trick Room|[of] p2b: Necrozma\n|\n|-heal|p1a: Tauros|92\/260|[from] item: Leftovers\n|upkeep\n|turn|3\n|\n|t:|1711945547\n|move|p1b: Shaymin|Protect|p1b: Shaymin\n|-singleturn|p1b: Shaymin|Protect\n|move|p2b: Necrozma|Photon Geyser|p1a: Tauros\n|-supereffective|p1a: Tauros\n|-damage|p1a: Tauros|0 fnt\n|faint|p1a: Tauros\n|move|p2a: Vivillon|Hurricane|p1b: Shaymin\n|-activate|p1b: Shaymin|move: Protect\n|\n|upkeep\n|\n|t:|1711945567\n|switch|p1a: Whiscash|Whiscash, L87, F|333\/333\n|turn|4\n|\n|t:|1711945579\n|switch|p1b: Mudsdale|Mudsdale, L84, F|305\/305\n|move|p2b: Necrozma|Photon Geyser|p1a: Whiscash\n|-damage|p1a: Whiscash|239\/333\n|move|p1a: Whiscash|Muddy Water|p2b: Necrozma|[spread] p2a,p2b\n|-damage|p2a: Vivillon|193\/284\n|-damage|p2b: Necrozma|192\/259\n|-unboost|p2a: Vivillon|accuracy|1\n|-unboost|p2b: Necrozma|accuracy|1\n|move|p2a: Vivillon|Hurricane|p1b: Mudsdale|[miss]\n|-miss|p2a: Vivillon|p1b: Mudsdale\n|\n|upkeep\n|turn|5\n|\n|t:|1711945625\n|switch|p2a: Malamar|Malamar, L81, F|272\/272\n|move|p1b: Mudsdale|High Horsepower|p2b: Necrozma\n|-supereffective|p2b: Necrozma\n|-damage|p2b: Necrozma|24\/259\n|-enditem|p2b: Necrozma|Weakness Policy\n|-boost|p2b: Necrozma|atk|2|[from] item: Weakness Policy\n|-boost|p2b: Necrozma|spa|2|[from] item: Weakness Policy\n|move|p1a: Whiscash|Muddy Water|p2a: Malamar|[spread] \n|-miss|p1a: Whiscash|p2a: Malamar\n|-miss|p1a: Whiscash|p2b: Necrozma\n|move|p2b: Necrozma|Trick Room|p2b: Necrozma\n|-fieldend|move: Trick Room\n|\n|upkeep\n|turn|6\n|\n|t:|1711945648\n|move|p1a: Whiscash|Icy Wind|p2b: Necrozma|[spread] p2a,p2b\n|-resisted|p2b: Necrozma\n|-damage|p2a: Malamar|243\/272\n|-damage|p2b: Necrozma|12\/259\n|-boost|p2a: Malamar|spe|1\n|-unboost|p2b: Necrozma|spe|1\n|move|p2a: Malamar|Knock Off|p1a: Whiscash\n|-damage|p1a: Whiscash|128\/333\n|-enditem|p1a: Whiscash|Sitrus Berry|[from] move: Knock Off|[of] p2a: Malamar\n|move|p1b: Mudsdale|High Horsepower|p2b: Necrozma\n|-supereffective|p2b: Necrozma\n|-damage|p2b: Necrozma|0 fnt\n|faint|p2b: Necrozma\n|\n|upkeep\n|\n|t:|1711945664\n|switch|p2b: Inteleon|Inteleon, L82, M|249\/249\n|turn|7\n|\n|t:|1711945688\n|switch|p1b: Shaymin|Shaymin-Sky, L77|253\/281\n|move|p2b: Inteleon|Ice Beam|p1b: Shaymin\n|-supereffective|p1b: Shaymin\n|-damage|p1b: Shaymin|0 fnt\n|faint|p1b: Shaymin\n|move|p2a: Malamar|Superpower|p1a: Whiscash\n|-crit|p1a: Whiscash\n|-damage|p1a: Whiscash|0 fnt\n|-boost|p2a: Malamar|atk|1\n|-boost|p2a: Malamar|def|1\n|faint|p1a: Whiscash\n|\n|upkeep\n|\n|t:|1711945714\n|switch|p1b: Glimmora|Glimmora, L78, M|258\/258\n|switch|p1a: Masquerain|Masquerain, L88, F|266\/266\n|-ability|p1a: Masquerain|Intimidate|boost\n|-boost|p2a: Malamar|atk|1\n|-unboost|p2b: Inteleon|atk|1\n|turn|8\n|\n|t:|1711945733\n|-terastallize|p1a: Masquerain|Water\n|move|p1b: Glimmora|Spiky Shield|p1b: Glimmora\n|-singleturn|p1b: Glimmora|move: Protect\n|move|p2b: Inteleon|Ice Beam|p1a: Masquerain\n|-resisted|p1a: Masquerain\n|-damage|p1a: Masquerain|214\/266\n|move|p1a: Masquerain|Bug Buzz|p2a: Malamar\n|-supereffective|p2a: Malamar\n|-damage|p2a: Malamar|0 fnt\n|faint|p2a: Malamar\n|-damage|p1a: Masquerain|188\/266|[from] item: Life Orb\n|\n|upkeep\n|\n|t:|1711945746\n|switch|p2a: Vivillon|Vivillon-Elegant, L88, M|193\/284\n|turn|9\n|\n|t:|1711945752\n|switch|p2b: Emboar|Emboar, L86, F|329\/329\n|move|p2a: Vivillon|Hurricane|p1a: Masquerain\n|-damage|p1a: Masquerain|74\/266\n|move|p1a: Masquerain|Quiver Dance|p1a: Masquerain\n|-boost|p1a: Masquerain|spa|1\n|-boost|p1a: Masquerain|spd|1\n|-boost|p1a: Masquerain|spe|1\n|move|p1b: Glimmora|Meteor Beam||[still]\n|-prepare|p1b: Glimmora|Meteor Beam\n|-boost|p1b: Glimmora|spa|1\n|-enditem|p1b: Glimmora|Power Herb\n|-anim|p1b: Glimmora|Meteor Beam|p2a: Vivillon|[miss]\n|-miss|p1b: Glimmora|p2a: Vivillon\n|\n|upkeep\n|turn|10\n|\n|t:|1711945789\n|move|p1a: Masquerain|Hydro Pump|p2a: Vivillon\n|-damage|p2a: Vivillon|0 fnt\n|faint|p2a: Vivillon\n|-damage|p1a: Masquerain|48\/266|[from] item: Life Orb\n|move|p1b: Glimmora|Earth Power|p2b: Emboar\n|-supereffective|p2b: Emboar\n|-damage|p2b: Emboar|65\/329\n|move|p2b: Emboar|Knock Off|p1a: Masquerain\n|-damage|p1a: Masquerain|0 fnt\n|-enditem|p1a: Masquerain|Life Orb|[from] move: Knock Off|[of] p2b: Emboar\n|faint|p1a: Masquerain\n|\n|upkeep\n|\n|t:|1711945804\n|switch|p2a: Inteleon|Inteleon, L82, M|249\/249\n|switch|p1a: Mudsdale|Mudsdale, L84, F|305\/305\n|turn|11\n|\n|t:|1711945820\n|-terastallize|p2a: Inteleon|Water\n|move|p1b: Glimmora|Spiky Shield|p1b: Glimmora\n|-singleturn|p1b: Glimmora|move: Protect\n|move|p2a: Inteleon|Scald|p1a: Mudsdale\n|-supereffective|p1a: Mudsdale\n|-damage|p1a: Mudsdale|0 fnt\n|faint|p1a: Mudsdale\n|move|p2b: Emboar|Knock Off|p1b: Glimmora\n|-activate|p1b: Glimmora|move: Protect\n|-damage|p2b: Emboar|24\/329|[from] Spiky Shield|[of] p1b: Glimmora\n|\n|upkeep\n|turn|12\n|\n|t:|1711945843\n|move|p2a: Inteleon|Scald|p1b: Glimmora\n|-supereffective|p1b: Glimmora\n|-damage|p1b: Glimmora|0 fnt\n|faint|p1b: Glimmora\n|\n|win|ogtru\n|raw|dippysauce's rating: 1589 &rarr; <strong>1567<\/strong><br \/>(-22 for losing)\n|raw|ogtru's rating: 1552 &rarr; <strong>1574<\/strong><br \/>(+22 for winning)\n|l|\u2606dippysauce\n|player|p1|\n","inputlog":">version 6cdde67ed88b47ab6b8ae5717517ae7b5d1ef27b\n>start {\"formatid\":\"gen9randomdoublesbattle\",\"seed\":[13734,55531,34115,33747],\"rated\":\"Rated battle\"}\n>player p1 {\"name\":\"dippysauce\",\"avatar\":\"lucas\",\"rating\":1589,\"seed\":[62755,26140,17591,12363]}\n>player p2 {\"name\":\"ogtru\",\"avatar\":\"riley\",\"rating\":1552,\"seed\":[63629,58760,24231,17628]}\n>p1 move bulkup, move airslash +1\n>p2 move knockoff +2, move photongeyser +1\n>p2 switch 3, pass\n>p1 move protect, move airslash +1\n>p2 move protect, move trickroom\n>p1 move ragingbull +2, move protect\n>p2 move hurricane +2, move photongeyser +1\n>p1 switch 6, pass\n>p1 move muddywater, switch 3\n>p2 move hurricane +2, move photongeyser +1\n>p1 move muddywater, move highhorsepower +2\n>p2 switch 6, move trickroom\n>p1 move icywind, move highhorsepower +2\n>p2 move knockoff +1, move photongeyser +1\n>p2 pass, switch 5\n>p1 move icywind, switch 3\n>p2 move superpower +1, move icebeam +2\n>p1 switch 5, switch 4\n>p1 move bugbuzz +1 terastallize, move spikyshield\n>p2 move knockoff +1, move icebeam +1\n>p2 switch 6, pass\n>p1 move quiverdance, move meteorbeam +1\n>p2 move hurricane +1, switch 4\n>p1 move hydropump +1, move earthpower +2\n>p2 move hurricane +1, move knockoff +1\n>p1 switch 3, pass\n>p2 switch 4, pass\n>p1 move highhorsepower +2, move spikyshield\n>p2 move scald +1 terastallize, move knockoff +2\n>p1 pass, move sludgebomb +1\n>p2 move scald +2, move knockoff +2","uploadtime":1711945873,"views":0,"formatid":"gen9randomdoublesbattle","rating":1567,"private":0,"password":null}