{"id":"gen9randomdoublesbattle-2093365132","format":"[Gen 9] Random Doubles Battle","players":["under2n2","UCelesteU"],"log":"|j|\u2606under2n2\n|j|\u2606UCelesteU\n|t:|1711945140\n|gametype|doubles\n|player|p1|under2n2|169|1029\n|player|p2|UCelesteU|102|1071\n|teamsize|p1|6\n|teamsize|p2|6\n|gen|9\n|tier|[Gen 9] Random Doubles Battle\n|rated|\n|rule|Species Clause: Limit one of each Pok\u00e9mon\n|rule|HP Percentage Mod: HP is shown in percentages\n|rule|Illusion Level Mod: Illusion disguises the Pok\u00e9mon's true level\n|rule|Sleep Clause Mod: Limit one foe put to sleep\n|\n|t:|1711945140\n|start\n|switch|p1a: Hypno|Hypno, L95, M|315\/315\n|switch|p1b: Scyther|Scyther, L81, M|245\/245\n|switch|p2a: Arceus|Arceus-Fire, L72|291\/291\n|switch|p2b: Sandy Shocks|Sandy Shocks, L80|267\/267\n|-enditem|p2b: Sandy Shocks|Booster Energy\n|-activate|p2b: Sandy Shocks|ability: Protosynthesis|[fromitem]\n|-start|p2b: Sandy Shocks|protosynthesisspa\n|turn|1\n|\n|t:|1711945164\n|move|p1b: Scyther|Protect|p1b: Scyther\n|-singleturn|p1b: Scyther|Protect\n|move|p2a: Arceus|Swords Dance|p2a: Arceus\n|-boost|p2a: Arceus|atk|2\n|move|p2b: Sandy Shocks|Stealth Rock|p1a: Hypno\n|-sidestart|p1: under2n2|move: Stealth Rock\n|move|p1a: Hypno|Poison Gas|p2b: Sandy Shocks|[spread] p2a,p2b\n|-status|p2a: Arceus|psn\n|-status|p2b: Sandy Shocks|psn\n|\n|-damage|p2a: Arceus|255\/291 psn|[from] psn\n|-damage|p2b: Sandy Shocks|234\/267 psn|[from] psn\n|upkeep\n|turn|2\n|\n|t:|1711945205\n|switch|p1b: Kommo-o|Kommo-o, L79, F|248\/248\n|-damage|p1b: Kommo-o|233\/248|[from] Stealth Rock\n|move|p2a: Arceus|Extreme Speed|p1a: Hypno\n|-damage|p1a: Hypno|207\/315\n|move|p2b: Sandy Shocks|Thunderbolt|p1b: Kommo-o\n|-resisted|p1b: Kommo-o\n|-crit|p1b: Kommo-o\n|-damage|p1b: Kommo-o|140\/248\n|move|p1a: Hypno|Encore|p2a: Arceus\n|-start|p2a: Arceus|Encore\n|\n|-damage|p2a: Arceus|219\/291 psn|[from] psn\n|-damage|p2b: Sandy Shocks|201\/267 psn|[from] psn\n|upkeep\n|turn|3\n|\n|t:|1711945236\n|move|p1b: Kommo-o|Protect|p1b: Kommo-o\n|-singleturn|p1b: Kommo-o|Protect\n|move|p2a: Arceus|Extreme Speed|p1b: Kommo-o\n|-activate|p1b: Kommo-o|move: Protect\n|move|p2b: Sandy Shocks|Thunderbolt|p1a: Hypno\n|-damage|p1a: Hypno|111\/315\n|-enditem|p1a: Hypno|Sitrus Berry|[eat]\n|-heal|p1a: Hypno|189\/315|[from] item: Sitrus Berry\n|move|p1a: Hypno|Psychic|p2a: Arceus\n|-damage|p2a: Arceus|123\/291 psn\n|-unboost|p2a: Arceus|spd|1\n|\n|-damage|p2a: Arceus|87\/291 psn|[from] psn\n|-damage|p2b: Sandy Shocks|168\/267 psn|[from] psn\n|upkeep\n|turn|4\n|\n|t:|1711945275\n|move|p2a: Arceus|Extreme Speed|p1b: Kommo-o\n|-damage|p1b: Kommo-o|62\/248\n|move|p2b: Sandy Shocks|Earth Power|p1b: Kommo-o\n|-damage|p1b: Kommo-o|0 fnt\n|faint|p1b: Kommo-o\n|move|p1a: Hypno|Psychic|p2a: Arceus\n|-damage|p2a: Arceus|0 fnt\n|faint|p2a: Arceus\n|\n|-damage|p2b: Sandy Shocks|135\/267 psn|[from] psn\n|upkeep\n|\n|t:|1711945284\n|switch|p2a: Tropius|Tropius, L93, M|332\/332\n|switch|p1b: Scyther|Scyther, L81, M|245\/245\n|-damage|p1b: Scyther|123\/245|[from] Stealth Rock\n|turn|5\n|\n|t:|1711945313\n|-terastallize|p2a: Tropius|Steel\n|move|p1b: Scyther|Protect|p1b: Scyther\n|-singleturn|p1b: Scyther|Protect\n|move|p2b: Sandy Shocks|Thunderbolt|p1b: Scyther\n|-activate|p1b: Scyther|move: Protect\n|move|p1a: Hypno|Poison Gas|p2a: Tropius|[spread] \n|-immune|p2a: Tropius\n|-fail|p2b: Sandy Shocks|psn\n|move|p2a: Tropius|Tailwind|p2a: Tropius\n|-sidestart|p2: UCelesteU|move: Tailwind\n|\n|-damage|p2b: Sandy Shocks|102\/267 psn|[from] psn\n|upkeep\n|turn|6\n|inactive|Battle timer is ON: inactive players will automatically lose when time's up. (requested by UCelesteU)\n|\n|t:|1711945347\n|move|p1b: Scyther|Protect||[still]\n|-fail|p1b: Scyther\n|move|p2b: Sandy Shocks|Thunderbolt|p1b: Scyther\n|-supereffective|p1b: Scyther\n|-damage|p1b: Scyther|0 fnt\n|faint|p1b: Scyther\n|move|p2a: Tropius|Hurricane|p1a: Hypno\n|-damage|p1a: Hypno|113\/315\n|move|p1a: Hypno|Psychic|p2b: Sandy Shocks\n|-damage|p2b: Sandy Shocks|0 fnt\n|faint|p2b: Sandy Shocks\n|-end|p2b: Sandy Shocks|Protosynthesis|[silent]\n|\n|upkeep\n|\n|t:|1711945364\n|switch|p1b: Muk|Muk, L88, F|328\/328\n|switch|p2b: Kyogre|Kyogre, L65|238\/238\n|-weather|RainDance|[from] ability: Drizzle|[of] p2b: Kyogre\n|-damage|p1b: Muk|287\/328|[from] Stealth Rock\n|turn|7\n|\n|t:|1711945379\n|move|p2b: Kyogre|Water Spout|p1b: Muk|[spread] p1a,p1b\n|-damage|p1a: Hypno|4\/315\n|-damage|p1b: Muk|145\/328\n|-enditem|p1b: Muk|Sitrus Berry|[eat]\n|-heal|p1b: Muk|227\/328|[from] item: Sitrus Berry\n|move|p2a: Tropius|Hurricane|p1b: Muk\n|-damage|p1b: Muk|131\/328\n|move|p1a: Hypno|Poison Gas|p2a: Tropius|[spread] p2a,p2b\n|-immune|p2a: Tropius\n|-status|p2b: Kyogre|psn\n|move|p1b: Muk|Knock Off|p2b: Kyogre\n|-damage|p2b: Kyogre|136\/238 psn\n|-enditem|p2b: Kyogre|Choice Scarf|[from] move: Knock Off|[of] p1b: Muk\n|\n|-weather|RainDance|[upkeep]\n|-damage|p2b: Kyogre|107\/238 psn|[from] psn\n|upkeep\n|turn|8\n|inactive|under2n2 has 120 seconds left.\n|\n|t:|1711945411\n|move|p2b: Kyogre|Origin Pulse|p1b: Muk|[spread] p1a,p1b\n|-damage|p1a: Hypno|0 fnt\n|-damage|p1b: Muk|26\/328\n|faint|p1a: Hypno\n|move|p2a: Tropius|Hurricane|p1b: Muk\n|-damage|p1b: Muk|0 fnt\n|faint|p1b: Muk\n|\n|-weather|RainDance|[upkeep]\n|-damage|p2b: Kyogre|78\/238 psn|[from] psn\n|-sideend|p2: UCelesteU|move: Tailwind\n|upkeep\n|inactive|under2n2 has 120 seconds left.\n|\n|t:|1711945416\n|switch|p1a: Slowking|Slowking, L89, F|314\/314\n|switch|p1b: Glastrier|Glastrier, L81|292\/292\n|-damage|p1b: Glastrier|219\/292|[from] Stealth Rock\n|-damage|p1a: Slowking|275\/314|[from] Stealth Rock\n|turn|9\n|\n|t:|1711945439\n|-terastallize|p1a: Slowking|Steel\n|move|p1b: Glastrier|Protect|p1b: Glastrier\n|-singleturn|p1b: Glastrier|Protect\n|move|p2b: Kyogre|Origin Pulse|p1a: Slowking|[spread] p1a\n|-activate|p1b: Glastrier|move: Protect\n|-damage|p1a: Slowking|179\/314\n|move|p2a: Tropius|Leaf Storm|p1a: Slowking\n|-resisted|p1a: Slowking\n|-damage|p1a: Slowking|127\/314\n|-unboost|p2a: Tropius|spa|2\n|-enditem|p1a: Slowking|Sitrus Berry|[eat]\n|-heal|p1a: Slowking|205\/314|[from] item: Sitrus Berry\n|move|p1a: Slowking|Trick Room|p1a: Slowking\n|-fieldstart|move: Trick Room|[of] p1a: Slowking\n|\n|-weather|RainDance|[upkeep]\n|-damage|p2b: Kyogre|49\/238 psn|[from] psn\n|upkeep\n|turn|10\n|inactive|under2n2 has 120 seconds left.\n|\n|t:|1711945480\n|move|p1a: Slowking|Heal Pulse|p1b: Glastrier\n|-heal|p1b: Glastrier|292\/292\n|move|p1b: Glastrier|High Horsepower|p2b: Kyogre\n|-damage|p2b: Kyogre|0 fnt\n|faint|p2b: Kyogre\n|-ability|p1b: Glastrier|Chilling Neigh|boost\n|-boost|p1b: Glastrier|atk|1\n|move|p2a: Tropius|Hurricane|p1b: Glastrier\n|-damage|p1b: Glastrier|241\/292\n|\n|-weather|RainDance|[upkeep]\n|upkeep\n|\n|t:|1711945490\n|switch|p2b: Alcremie|Alcremie-Mint-Cream, L88, F|258\/258\n|turn|11\n|inactive|UCelesteU has 120 seconds left.\n|\n|t:|1711945521\n|move|p1a: Slowking|Scald|p2b: Alcremie\n|-damage|p2b: Alcremie|141\/258\n|move|p1b: Glastrier|Heavy Slam|p2b: Alcremie\n|-supereffective|p2b: Alcremie\n|-damage|p2b: Alcremie|0 fnt\n|faint|p2b: Alcremie\n|-ability|p1b: Glastrier|Chilling Neigh|boost\n|-boost|p1b: Glastrier|atk|1\n|move|p2a: Tropius|Hurricane|p1b: Glastrier\n|-damage|p1b: Glastrier|192\/292\n|-start|p1b: Glastrier|confusion\n|\n|-weather|none\n|upkeep\n|inactive|UCelesteU has 120 seconds left.\n|\n|t:|1711945528\n|switch|p2b: Mimikyu|Mimikyu, L82, F|224\/224\n|turn|12\n|\n|t:|1711945550\n|move|p1a: Slowking|Scald|p2b: Mimikyu\n|-activate|p2b: Mimikyu|ability: Disguise\n|-damage|p2b: Mimikyu|224\/224\n|-status|p2b: Mimikyu|brn\n|detailschange|p2b: Mimikyu|Mimikyu-Busted, L82, F\n|-damage|p2b: Mimikyu|196\/224 brn|[from] pokemon: Mimikyu-Busted\n|-activate|p1b: Glastrier|confusion\n|move|p1b: Glastrier|Heavy Slam|p2b: Mimikyu\n|-supereffective|p2b: Mimikyu\n|-damage|p2b: Mimikyu|0 fnt\n|faint|p2b: Mimikyu\n|-ability|p1b: Glastrier|Chilling Neigh|boost\n|-boost|p1b: Glastrier|atk|1\n|move|p2a: Tropius|Hurricane|p1b: Glastrier\n|-damage|p1b: Glastrier|140\/292\n|-enditem|p1b: Glastrier|Sitrus Berry|[eat]\n|-heal|p1b: Glastrier|213\/292|[from] item: Sitrus Berry\n|\n|upkeep\n|turn|13\n|-message|UCelesteU forfeited.\n|\n|win|under2n2\n|raw|under2n2's rating: 1029 &rarr; <strong>1069<\/strong><br \/>(+40 for winning)\n|raw|UCelesteU's rating: 1071 &rarr; <strong>1048<\/strong><br \/>(-23 for losing)\n|l|\u2606UCelesteU\n|player|p2|\n","inputlog":">version 6cdde67ed88b47ab6b8ae5717517ae7b5d1ef27b\n>start {\"formatid\":\"gen9randomdoublesbattle\",\"seed\":[33972,18230,43642,57298],\"rated\":\"Rated battle\"}\n>player p1 {\"name\":\"under2n2\",\"avatar\":\"169\",\"rating\":1029,\"seed\":[62647,63164,18165,45255]}\n>player p2 {\"name\":\"UCelesteU\",\"avatar\":\"102\",\"rating\":1071,\"seed\":[15534,52064,24921,24488]}\n>p1 move poisongas, move protect\n>p2 move swordsdance, move stealthrock\n>p1 move encore +1, switch 6\n>p2 move extremespeed +1, move thunderbolt +2\n>p1 move psychic +1, move protect\n>p2 move extremespeed +2, move thunderbolt +1\n>p1 move psychic +1, move clangingscales\n>p2 move extremespeed +2, move earthpower +2\n>p1 pass, switch 6\n>p2 switch 3, pass\n>p1 move poisongas, move protect\n>p2 move tailwind terastallize, move thunderbolt +2\n>p1 move psychic +2, move protect\n>p2 move hurricane +1, move thunderbolt +2\n>p1 pass, switch 5\n>p2 pass, switch 4\n>p1 move poisongas, move knockoff +2\n>p2 move hurricane +2, move waterspout\n>p1 move psychic +2, move knockoff +1\n>p2 move hurricane +2, move originpulse\n>p1 switch 3, switch 4\n>p1 move trickroom terastallize, move protect\n>p2 move leafstorm +1, move originpulse\n>p1 move healpulse -2, move highhorsepower +2\n>p2 move hurricane +2, move originpulse\n>p2 pass, switch 5\n>p1 move scald +2, move heavyslam +2\n>p2 move hurricane +2, move decorate -1\n>p2 pass, switch 6\n>p1 move scald +2, move heavyslam +2\n>p2 move hurricane +2, move swordsdance\n>forcelose p2","uploadtime":1711945567,"views":0,"formatid":"gen9randomdoublesbattle","rating":1048,"private":0,"password":null}