{"id":"gen9randomdoublesbattle-2093373738","format":"[Gen 9] Random Doubles Battle","players":["deltazo","ogtru"],"log":"|j|\u2606deltazo\n|j|\u2606ogtru\n|t:|1711946563\n|gametype|doubles\n|player|p1|deltazo|juggler|1544\n|player|p2|ogtru|riley|1575\n|teamsize|p1|6\n|teamsize|p2|6\n|gen|9\n|tier|[Gen 9] Random Doubles Battle\n|rated|\n|rule|Species Clause: Limit one of each Pok\u00e9mon\n|rule|HP Percentage Mod: HP is shown in percentages\n|rule|Illusion Level Mod: Illusion disguises the Pok\u00e9mon's true level\n|rule|Sleep Clause Mod: Limit one foe put to sleep\n|\n|t:|1711946563\n|start\n|switch|p1a: Mienshao|Mienshao, L85, F|249\/249\n|switch|p1b: Kyurem|Kyurem, L77|319\/319\n|switch|p2a: Ninetales|Ninetales-Alola, L76, F|235\/235\n|switch|p2b: Incineroar|Incineroar, L78, F|276\/276\n|-weather|Snow|[from] ability: Snow Warning|[of] p2a: Ninetales\n|-ability|p1b: Kyurem|Pressure\n|-ability|p2b: Incineroar|Intimidate|boost\n|-unboost|p1a: Mienshao|atk|1\n|-unboost|p1b: Kyurem|atk|1\n|turn|1\n|inactive|Battle timer is ON: inactive players will automatically lose when time's up. (requested by deltazo)\n|\n|t:|1711946576\n|move|p2a: Ninetales|Protect|p2a: Ninetales\n|-singleturn|p2a: Ninetales|Protect\n|move|p1a: Mienshao|Fake Out|p2a: Ninetales\n|-activate|p2a: Ninetales|move: Protect\n|move|p1b: Kyurem|Earth Power|p2b: Incineroar\n|-supereffective|p2b: Incineroar\n|-damage|p2b: Incineroar|126\/276\n|-enditem|p2b: Incineroar|Sitrus Berry|[eat]\n|-heal|p2b: Incineroar|195\/276|[from] item: Sitrus Berry\n|move|p2b: Incineroar|Knock Off|p1b: Kyurem\n|-damage|p1b: Kyurem|249\/319\n|-enditem|p1b: Kyurem|Loaded Dice|[from] move: Knock Off|[of] p2b: Incineroar\n|\n|-weather|Snow|[upkeep]\n|upkeep\n|turn|2\n|\n|t:|1711946598\n|switch|p1b: Skuntank|Skuntank, L85, M|314\/314\n|move|p1a: Mienshao|Close Combat|p2b: Incineroar\n|-supereffective|p2b: Incineroar\n|-damage|p2b: Incineroar|0 fnt\n|-unboost|p1a: Mienshao|def|1\n|-unboost|p1a: Mienshao|spd|1\n|faint|p2b: Incineroar\n|move|p2a: Ninetales|Aurora Veil|p2a: Ninetales\n|-sidestart|p2: ogtru|move: Aurora Veil\n|\n|-weather|Snow|[upkeep]\n|upkeep\n|\n|t:|1711946608\n|switch|p2b: Lycanroc|Lycanroc-Midnight, L85, F|283\/283\n|turn|3\n|\n|t:|1711946624\n|move|p1a: Mienshao|U-turn|p2a: Ninetales\n|-resisted|p2a: Ninetales\n|-damage|p2a: Ninetales|224\/235\n|\n|t:|1711946628\n|switch|p1a: Vaporeon|Vaporeon, L84, M|356\/356|[from] U-turn\n|move|p2a: Ninetales|Blizzard|p1a: Vaporeon|[spread] p1a,p1b\n|-resisted|p1a: Vaporeon\n|-damage|p1a: Vaporeon|325\/356\n|-damage|p1b: Skuntank|239\/314\n|move|p1b: Skuntank|Poison Gas|p2b: Lycanroc|[spread] p2a,p2b\n|-status|p2a: Ninetales|psn\n|-status|p2b: Lycanroc|psn\n|move|p2b: Lycanroc|Rock Slide|p1b: Skuntank|[spread] p1a,p1b\n|-damage|p1a: Vaporeon|180\/356\n|-damage|p1b: Skuntank|122\/314\n|\n|-weather|Snow|[upkeep]\n|-damage|p2a: Ninetales|195\/235 psn|[from] psn\n|-damage|p2b: Lycanroc|248\/283 psn|[from] psn\n|upkeep\n|turn|4\n|\n|t:|1711946647\n|move|p2a: Ninetales|Moonblast|p1a: Vaporeon\n|-damage|p1a: Vaporeon|114\/356\n|-enditem|p1a: Vaporeon|Sitrus Berry|[eat]\n|-heal|p1a: Vaporeon|203\/356|[from] item: Sitrus Berry\n|move|p1b: Skuntank|Gunk Shot|p2a: Ninetales\n|-supereffective|p2a: Ninetales\n|-damage|p2a: Ninetales|16\/235 psn\n|-damage|p1b: Skuntank|91\/314|[from] item: Life Orb\n|move|p2b: Lycanroc|Rock Slide|p1a: Vaporeon|[spread] p1a,p1b\n|-damage|p1a: Vaporeon|61\/356\n|-damage|p1b: Skuntank|0 fnt\n|faint|p1b: Skuntank\n|cant|p1a: Vaporeon|flinch\n|\n|-weather|Snow|[upkeep]\n|-damage|p2a: Ninetales|0 fnt|[from] psn\n|faint|p2a: Ninetales\n|-damage|p2b: Lycanroc|213\/283 psn|[from] psn\n|upkeep\n|\n|t:|1711946669\n|switch|p2a: Rabsca|Rabsca, L87, F|272\/272\n|switch|p1b: Mienshao|Mienshao, L85, F|249\/249\n|turn|5\n|\n|t:|1711946679\n|move|p1b: Mienshao|Close Combat|p2b: Lycanroc\n|-supereffective|p2b: Lycanroc\n|-damage|p2b: Lycanroc|0 fnt\n|-unboost|p1b: Mienshao|def|1\n|-unboost|p1b: Mienshao|spd|1\n|faint|p2b: Lycanroc\n|move|p1a: Vaporeon|Wish|p1a: Vaporeon\n|move|p2a: Rabsca|Revival Blessing|p2a: Rabsca\n|\n|t:|1711946684\n|-heal|p2: Ninetales|117\/235|[from] move: Revival Blessing\n|\n|-weather|none\n|upkeep\n|\n|t:|1711946692\n|switch|p2b: Ninetales|Ninetales-Alola, L76, F|117\/235\n|-weather|Snow|[from] ability: Snow Warning|[of] p2b: Ninetales\n|turn|6\n|\n|t:|1711946712\n|move|p1b: Mienshao|Close Combat|p2b: Ninetales\n|-damage|p2b: Ninetales|33\/235\n|-unboost|p1b: Mienshao|def|1\n|-unboost|p1b: Mienshao|spd|1\n|move|p2b: Ninetales|Blizzard|p1b: Mienshao|[spread] p1a,p1b\n|-resisted|p1a: Vaporeon\n|-damage|p1a: Vaporeon|32\/356\n|-damage|p1b: Mienshao|147\/249\n|-status|p1a: Vaporeon|frz\n|-status|p1b: Mienshao|frz\n|cant|p1a: Vaporeon|frz\n|move|p2a: Rabsca|Struggle Bug|p1a: Vaporeon|[spread] p1a,p1b\n|-resisted|p1b: Mienshao\n|-damage|p1a: Vaporeon|0 fnt\n|-damage|p1b: Mienshao|107\/249 frz\n|-unboost|p1b: Mienshao|spa|1\n|faint|p1a: Vaporeon\n|\n|-weather|Snow|[upkeep]\n|upkeep\n|c|\u2606deltazo|dude wtf!\n|inactive|deltazo has 120 seconds left.\n|\n|t:|1711946734\n|switch|p1a: Kyurem|Kyurem, L77|249\/319\n|-ability|p1a: Kyurem|Pressure\n|turn|7\n|inactive|deltazo has 120 seconds left.\n|\n|t:|1711946767\n|-terastallize|p1a: Kyurem|Steel\n|cant|p1b: Mienshao|frz\n|move|p2b: Ninetales|Moonblast|p1a: Kyurem\n|-resisted|p1a: Kyurem\n|-damage|p1a: Kyurem|208\/319\n|-unboost|p1a: Kyurem|spa|1\n|move|p1a: Kyurem|Earth Power|p2b: Ninetales\n|-damage|p2b: Ninetales|4\/235\n|move|p2a: Rabsca|Psychic|p1a: Kyurem\n|-resisted|p1a: Kyurem\n|-damage|p1a: Kyurem|149\/319\n|\n|-weather|Snow|[upkeep]\n|upkeep\n|turn|8\n|inactive|deltazo has 120 seconds left.\n|\n|t:|1711946783\n|switch|p1b: Toucannon|Toucannon, L88, F|284\/284\n|move|p2b: Ninetales|Blizzard|p1b: Toucannon|[spread] p1a,p1b\n|-resisted|p1a: Kyurem\n|-supereffective|p1b: Toucannon\n|-damage|p1a: Kyurem|116\/319\n|-damage|p1b: Toucannon|146\/284\n|move|p1a: Kyurem|Earth Power|p2b: Ninetales\n|-damage|p2b: Ninetales|0 fnt\n|faint|p2b: Ninetales\n|move|p2a: Rabsca|Psychic|p1b: Toucannon\n|-damage|p1b: Toucannon|26\/284\n|-unboost|p1b: Toucannon|spd|1\n|-enditem|p1b: Toucannon|Sitrus Berry|[eat]\n|-heal|p1b: Toucannon|97\/284|[from] item: Sitrus Berry\n|\n|-weather|Snow|[upkeep]\n|upkeep\n|\n|t:|1711946793\n|switch|p2b: Jolteon|Jolteon, L84, F|246\/246\n|turn|9\n|\n|t:|1711946809\n|switch|p1a: Mienshao|Mienshao, L85, F|190\/249 frz\n|move|p2b: Jolteon|Thunderbolt|p1b: Toucannon\n|-supereffective|p1b: Toucannon\n|-damage|p1b: Toucannon|0 fnt\n|faint|p1b: Toucannon\n|-damage|p2b: Jolteon|222\/246|[from] item: Life Orb\n|move|p2a: Rabsca|Struggle Bug|p1a: Mienshao\n|-resisted|p1a: Mienshao\n|-damage|p1a: Mienshao|163\/249 frz\n|-unboost|p1a: Mienshao|spa|1\n|\n|-weather|Snow|[upkeep]\n|-sideend|p2: ogtru|move: Aurora Veil\n|upkeep\n|\n|t:|1711946819\n|switch|p1b: Kyurem|Kyurem, L77, tera:Steel|116\/319\n|-ability|p1b: Kyurem|Pressure\n|turn|10\n|\n|t:|1711946827\n|-terastallize|p2b: Jolteon|Fairy\n|-curestatus|p1a: Mienshao|frz|[msg]\n|move|p1a: Mienshao|Fake Out|p2a: Rabsca\n|-damage|p2a: Rabsca|236\/272\n|move|p2b: Jolteon|Alluring Voice|p1a: Mienshao\n|-supereffective|p1a: Mienshao\n|-damage|p1a: Mienshao|0 fnt\n|faint|p1a: Mienshao\n|-damage|p2b: Jolteon|198\/246|[from] item: Life Orb\n|move|p1b: Kyurem|Earth Power|p2b: Jolteon\n|-damage|p2b: Jolteon|132\/246\n|cant|p2a: Rabsca|flinch\n|\n|-weather|none\n|upkeep\n|\n|t:|1711946839\n|switch|p1a: Moltres|Moltres-Galar, L75|256\/256\n|turn|11\n|\n|t:|1711946849\n|move|p2b: Jolteon|Thunderbolt|p1b: Kyurem\n|-damage|p1b: Kyurem|0 fnt\n|faint|p1b: Kyurem\n|-damage|p2b: Jolteon|108\/246|[from] item: Life Orb\n|move|p1a: Moltres|Hurricane|p2b: Jolteon\n|-damage|p2b: Jolteon|23\/246\n|move|p2a: Rabsca|Struggle Bug|p1a: Moltres\n|-damage|p1a: Moltres|198\/256\n|-unboost|p1a: Moltres|spa|1\n|\n|upkeep\n|turn|12\n|c|\u2606deltazo|gg\n|\n|t:|1711946866\n|move|p2b: Jolteon|Alluring Voice|p1a: Moltres\n|-supereffective|p1a: Moltres\n|-damage|p1a: Moltres|0 fnt\n|faint|p1a: Moltres\n|-damage|p2b: Jolteon|0 fnt|[from] item: Life Orb\n|faint|p2b: Jolteon\n|\n|win|ogtru\n|raw|deltazo's rating: 1544 &rarr; <strong>1526<\/strong><br \/>(-18 for losing)\n|raw|ogtru's rating: 1575 &rarr; <strong>1593<\/strong><br \/>(+18 for winning)\n","inputlog":">version 6cdde67ed88b47ab6b8ae5717517ae7b5d1ef27b\n>start {\"formatid\":\"gen9randomdoublesbattle\",\"seed\":[61185,22926,9075,39001],\"rated\":\"Rated battle\"}\n>player p1 {\"name\":\"deltazo\",\"avatar\":\"juggler\",\"rating\":1544,\"seed\":[62684,3952,7750,61101]}\n>player p2 {\"name\":\"ogtru\",\"avatar\":\"riley\",\"rating\":1575,\"seed\":[5217,2274,18485,32498]}\n>p1 move fakeout +1, move earthpower +2\n>p2 move protect, move knockoff +2\n>p1 move closecombat +2, switch 5\n>p2 move auroraveil, move knockoff +1\n>p2 pass, switch 6\n>p1 move uturn +1, move poisongas\n>p2 move blizzard, move rockslide\n>p1 switch 3, pass\n>p1 move scald +2, move gunkshot +1\n>p2 move moonblast +1, move rockslide\n>p1 pass, switch 3\n>p2 switch 3, pass\n>p1 move wish, move closecombat +2\n>p2 move revivalblessing, move rockslide\n>p2 switch 3, pass\n>p2 pass, switch 3\n>p1 move icywind, move closecombat +2\n>p2 move strugglebug, move blizzard\n>chat \u2606deltazo|dude wtf!\n>p1 switch 5, pass\n>p1 move earthpower +2 terastallize, move knockoff +1\n>p2 move psychic +1, move moonblast +1\n>p1 move earthpower +2, switch 4\n>p2 move psychic +2, move blizzard\n>p2 pass, switch 4\n>p1 switch 4, move tailwind\n>p2 move strugglebug, move thunderbolt +2\n>p1 pass, switch 4\n>p1 move fakeout +1, move earthpower +2\n>p2 move strugglebug, move alluringvoice +1 terastallize\n>p1 switch 6, pass\n>p1 move hurricane +2, move iciclespear +2\n>p2 move strugglebug, move thunderbolt +2\n>chat \u2606deltazo|gg \n>p1 move hurricane +2, pass\n>p2 move strugglebug, move alluringvoice +1","uploadtime":1711946873,"views":1,"formatid":"gen9randomdoublesbattle","rating":1526,"private":0,"password":null}