{"id":"gen9randomdoublesbattle-2093372035","format":"[Gen 9] Random Doubles Battle","players":["quiero mi macro","ogtru"],"log":"|j|\u2606quiero mi macro\n|j|\u2606ogtru\n|t:|1711946284\n|gametype|doubles\n|player|p1|quiero mi macro|170|1444\n|player|p2|ogtru|riley|1561\n|teamsize|p1|6\n|teamsize|p2|6\n|gen|9\n|tier|[Gen 9] Random Doubles Battle\n|rated|\n|rule|Species Clause: Limit one of each Pok\u00e9mon\n|rule|HP Percentage Mod: HP is shown in percentages\n|rule|Illusion Level Mod: Illusion disguises the Pok\u00e9mon's true level\n|rule|Sleep Clause Mod: Limit one foe put to sleep\n|\n|t:|1711946284\n|start\n|switch|p1a: Volbeat|Volbeat, L87, M|252\/252\n|switch|p1b: Solgaleo|Solgaleo, L75|329\/329\n|switch|p2a: Braviary|Braviary-Hisui, L84, M|322\/322\n|switch|p2b: Eternatus|Eternatus, L71|316\/316\n|-ability|p2b: Eternatus|Pressure\n|turn|1\n|\n|t:|1711946309\n|move|p1a: Volbeat|Tailwind|p1a: Volbeat\n|-sidestart|p1: quiero mi macro|move: Tailwind\n|move|p1b: Solgaleo|Psychic Fangs|p2b: Eternatus\n|-supereffective|p2b: Eternatus\n|-crit|p2b: Eternatus\n|-damage|p2b: Eternatus|0 fnt\n|faint|p2b: Eternatus\n|move|p2a: Braviary|Hurricane|p1a: Volbeat\n|-supereffective|p1a: Volbeat\n|-damage|p1a: Volbeat|0 fnt\n|faint|p1a: Volbeat\n|\n|upkeep\n|inactive|Battle timer is ON: inactive players will automatically lose when time's up. (requested by quiero mi macro)\n|\n|t:|1711946327\n|switch|p2b: Magnezone|Magnezone, L84|255\/255\n|switch|p1a: Murkrow|Murkrow, L88, M|249\/249\n|turn|2\n|\n|t:|1711946346\n|-terastallize|p1a: Murkrow|Ghost\n|move|p2a: Braviary|Protect|p2a: Braviary\n|-singleturn|p2a: Braviary|Protect\n|move|p1a: Murkrow|Brave Bird|p2a: Braviary\n|-activate|p2a: Braviary|move: Protect\n|move|p1b: Solgaleo|Flare Blitz|p2b: Magnezone\n|-supereffective|p2b: Magnezone\n|-damage|p2b: Magnezone|111\/255\n|-enditem|p2b: Magnezone|Sitrus Berry|[eat]\n|-heal|p2b: Magnezone|174\/255|[from] item: Sitrus Berry\n|-damage|p1b: Solgaleo|281\/329|[from] Recoil\n|move|p2b: Magnezone|Thunderbolt|p1a: Murkrow\n|-damage|p1a: Murkrow|113\/249\n|\n|upkeep\n|turn|3\n|\n|t:|1711946373\n|switch|p2a: Hitmontop|Hitmontop, L88, M|231\/231\n|-ability|p2a: Hitmontop|Intimidate|boost\n|-unboost|p1a: Murkrow|atk|1\n|-fail|p1b: Solgaleo|unboost|[from] ability: Full Metal Body|[of] p1b: Solgaleo\n|move|p1a: Murkrow|Brave Bird|p2a: Hitmontop\n|-supereffective|p2a: Hitmontop\n|-damage|p2a: Hitmontop|85\/231\n|-damage|p1a: Murkrow|65\/249|[from] Recoil\n|move|p1b: Solgaleo|Flare Blitz|p2b: Magnezone\n|-supereffective|p2b: Magnezone\n|-damage|p2b: Magnezone|36\/255\n|-damage|p1b: Solgaleo|235\/329|[from] Recoil\n|move|p2b: Magnezone|Thunderbolt|p1a: Murkrow\n|-damage|p1a: Murkrow|0 fnt\n|faint|p1a: Murkrow\n|\n|upkeep\n|inactive|quiero mi macro has 120 seconds left.\n|\n|t:|1711946391\n|switch|p1a: Clefable|Clefable, L86, M|304\/304\n|turn|4\n|\n|t:|1711946405\n|move|p2a: Hitmontop|Fake Out|p1b: Solgaleo\n|-resisted|p1b: Solgaleo\n|-damage|p1b: Solgaleo|219\/329\n|move|p1a: Clefable|Follow Me|p1a: Clefable\n|-singleturn|p1a: Clefable|move: Follow Me\n|cant|p1b: Solgaleo|flinch\n|move|p2b: Magnezone|Flash Cannon|p1a: Clefable\n|-supereffective|p1a: Clefable\n|-damage|p1a: Clefable|106\/304\n|-enditem|p1a: Clefable|Sitrus Berry|[eat]\n|-heal|p1a: Clefable|182\/304|[from] item: Sitrus Berry\n|\n|-sideend|p1: quiero mi macro|move: Tailwind\n|upkeep\n|turn|5\n|\n|t:|1711946424\n|move|p2a: Hitmontop|Sucker Punch|p1b: Solgaleo\n|-supereffective|p1b: Solgaleo\n|-damage|p1b: Solgaleo|119\/329\n|move|p1b: Solgaleo|Psychic Fangs|p2a: Hitmontop\n|-supereffective|p2a: Hitmontop\n|-damage|p2a: Hitmontop|0 fnt\n|faint|p2a: Hitmontop\n|move|p1a: Clefable|Heal Pulse|p1b: Solgaleo\n|-heal|p1b: Solgaleo|284\/329\n|move|p2b: Magnezone|Flash Cannon|p1a: Clefable\n|-supereffective|p1a: Clefable\n|-damage|p1a: Clefable|0 fnt\n|faint|p1a: Clefable\n|\n|upkeep\n|\n|t:|1711946436\n|switch|p2a: Basculin|Basculin-Blue-Striped, L87, F|264\/264\n|switch|p1a: Ninetales|Ninetales, L82, M|254\/254\n|-weather|SunnyDay|[from] ability: Drought|[of] p1a: Ninetales\n|turn|6\n|\n|t:|1711946449\n|move|p2a: Basculin|Wave Crash|p1a: Ninetales\n|-supereffective|p1a: Ninetales\n|-damage|p1a: Ninetales|0 fnt\n|faint|p1a: Ninetales\n|-damage|p2a: Basculin|180\/264|[from] Recoil\n|move|p1b: Solgaleo|Flare Blitz|p2b: Magnezone\n|-supereffective|p2b: Magnezone\n|-damage|p2b: Magnezone|0 fnt\n|faint|p2b: Magnezone\n|-damage|p1b: Solgaleo|272\/329|[from] Recoil\n|\n|-weather|SunnyDay|[upkeep]\n|upkeep\n|\n|t:|1711946458\n|switch|p1a: Whiscash|Whiscash, L87, F|333\/333\n|switch|p2b: Samurott|Samurott, L88, M|310\/310\n|turn|7\n|\n|t:|1711946472\n|move|p2a: Basculin|Wave Crash|p1b: Solgaleo\n|-damage|p1b: Solgaleo|156\/329\n|-damage|p2a: Basculin|142\/264|[from] Recoil\n|move|p1b: Solgaleo|Knock Off|p2a: Basculin\n|-damage|p2a: Basculin|61\/264\n|-enditem|p2a: Basculin|Choice Band|[from] move: Knock Off|[of] p1b: Solgaleo\n|move|p2b: Samurott|Liquidation|p1b: Solgaleo\n|-damage|p1b: Solgaleo|94\/329\n|-damage|p2b: Samurott|279\/310|[from] item: Life Orb\n|move|p1a: Whiscash|Stealth Rock|p2b: Samurott\n|-sidestart|p2: ogtru|move: Stealth Rock\n|\n|-weather|SunnyDay|[upkeep]\n|upkeep\n|turn|8\n|\n|t:|1711946494\n|move|p2a: Basculin|Wave Crash|p1b: Solgaleo\n|-damage|p1b: Solgaleo|14\/329\n|-damage|p2a: Basculin|35\/264|[from] Recoil\n|move|p1b: Solgaleo|Psychic Fangs|p2b: Samurott\n|-damage|p2b: Samurott|183\/310\n|move|p2b: Samurott|Swords Dance|p2b: Samurott\n|-boost|p2b: Samurott|atk|2\n|move|p1a: Whiscash|Muddy Water|p2b: Samurott|[spread] p2a\n|-miss|p1a: Whiscash|p2b: Samurott\n|-resisted|p2a: Basculin\n|-damage|p2a: Basculin|13\/264\n|-unboost|p2a: Basculin|accuracy|1\n|\n|-weather|SunnyDay|[upkeep]\n|upkeep\n|turn|9\n|\n|t:|1711946510\n|move|p2a: Basculin|Wave Crash|p1b: Solgaleo\n|-damage|p1b: Solgaleo|0 fnt\n|faint|p1b: Solgaleo\n|-damage|p2a: Basculin|8\/264|[from] Recoil\n|move|p2b: Samurott|Liquidation|p1a: Whiscash\n|-damage|p1a: Whiscash|187\/333\n|-unboost|p1a: Whiscash|def|1\n|-damage|p2b: Samurott|152\/310|[from] item: Life Orb\n|move|p1a: Whiscash|Muddy Water|p2b: Samurott|[spread] p2a\n|-miss|p1a: Whiscash|p2b: Samurott\n|-resisted|p2a: Basculin\n|-damage|p2a: Basculin|0 fnt\n|faint|p2a: Basculin\n|\n|-weather|SunnyDay|[upkeep]\n|upkeep\n|\n|t:|1711946519\n|switch|p2a: Braviary|Braviary-Hisui, L84, M|322\/322\n|-damage|p2a: Braviary|242\/322|[from] Stealth Rock\n|turn|10\n|-message|quiero mi macro forfeited.\n|\n|win|ogtru\n|raw|quiero mi macro's rating: 1444 &rarr; <strong>1430<\/strong><br \/>(-14 for losing)\n|raw|ogtru's rating: 1561 &rarr; <strong>1575<\/strong><br \/>(+14 for winning)\n|l|\u2606quiero mi macro\n|player|p1|\n","inputlog":">version 6cdde67ed88b47ab6b8ae5717517ae7b5d1ef27b\n>start {\"formatid\":\"gen9randomdoublesbattle\",\"seed\":[35619,17902,59289,18760],\"rated\":\"Rated battle\"}\n>player p1 {\"name\":\"quiero mi macro\",\"avatar\":\"170\",\"rating\":1444,\"seed\":[46865,22541,20658,57188]}\n>player p2 {\"name\":\"ogtru\",\"avatar\":\"riley\",\"rating\":1561,\"seed\":[16283,12953,65198,42785]}\n>p1 move tailwind, move psychicfangs +2\n>p2 move hurricane +1, move sludgebomb +1\n>p1 switch 3, pass\n>p2 pass, switch 6\n>p1 move bravebird +1 terastallize, move flareblitz +2\n>p2 move protect, move thunderbolt +1\n>p1 move bravebird +1, move flareblitz +2\n>p2 switch 5, move thunderbolt +1\n>p1 switch 4, pass\n>p1 move followme, move psychicfangs +1\n>p2 move fakeout +2, move flashcannon +1\n>p1 move healpulse -2, move psychicfangs +1\n>p2 move suckerpunch +2, move flashcannon +1\n>p1 switch 6, pass\n>p2 switch 3, pass\n>p1 move solarbeam +1, move flareblitz +2\n>p2 move wavecrash +1, move thunderbolt +1\n>p1 switch 5, pass\n>p2 pass, switch 4\n>p1 move stealthrock, move knockoff +1\n>p2 move wavecrash +2, move liquidation +2\n>p1 move muddywater, move psychicfangs +2\n>p2 move wavecrash +2, move swordsdance\n>p1 move muddywater, move psychicfangs +2\n>p2 move wavecrash +2, move liquidation +2\n>p2 switch 5, pass\n>forcelose p1","uploadtime":1711946555,"views":0,"formatid":"gen9randomdoublesbattle","rating":1430,"private":0,"password":null}