|j|☆TruexZerox
|j|☆SMDR
|t:|1711941488
|gametype|doubles
|player|p1|TruexZerox|red|1106
|player|p2|SMDR|101|1146
|teamsize|p1|6
|teamsize|p2|6
|gen|9
|tier|[Gen 9] Random Doubles Battle
|rated|
|rule|Species Clause: Limit one of each Pokémon
|rule|HP Percentage Mod: HP is shown in percentages
|rule|Illusion Level Mod: Illusion disguises the Pokémon's true level
|rule|Sleep Clause Mod: Limit one foe put to sleep
|
|t:|1711941488
|start
|switch|p1a: Iron Hands|Iron Hands, L77|364/364
|switch|p1b: Slaking|Slaking, L87, F|403/403
|switch|p2a: Cramorant|Cramorant, L87, M|264/264
|switch|p2b: Cinccino|Cinccino, L85, F|266/266
|turn|1
|
|t:|1711941525
|move|p1a: Iron Hands|Fake Out|p2b: Cinccino
|-damage|p2b: Cinccino|225/266
|cant|p2b: Cinccino|flinch
|move|p1b: Slaking|Knock Off|p2a: Cramorant
|-damage|p2a: Cramorant|60/264
|-enditem|p2a: Cramorant|Sitrus Berry|[from] move: Knock Off|[of] p1b: Slaking
|move|p2a: Cramorant|Tailwind|p2a: Cramorant
|-sidestart|p2: SMDR|move: Tailwind
|
|upkeep
|turn|2
|
|t:|1711941554
|move|p2b: Cinccino|Triple Axel|p1b: Slaking
|-damage|p1b: Slaking|383/403
|-damage|p1b: Slaking|346/403
|-damage|p1b: Slaking|288/403
|-hitcount|p1b: Slaking|3
|move|p2a: Cramorant|Brave Bird|p1b: Slaking
|-damage|p1b: Slaking|185/403
|-damage|p2a: Cramorant|26/264|[from] Recoil
|cant|p1b: Slaking|ability: Truant
|move|p1a: Iron Hands|Volt Switch|p2a: Cramorant
|-supereffective|p2a: Cramorant
|-damage|p2a: Cramorant|0 fnt
|faint|p2a: Cramorant
|
|t:|1711941570
|-end|p1a: Iron Hands|Quark Drive|[silent]
|switch|p1a: Mudsdale|Mudsdale, L84, M|305/305|[from] Volt Switch
|
|upkeep
|
|t:|1711941573
|switch|p2a: Groudon|Groudon, L69|252/252
|-weather|SunnyDay|[from] ability: Drought|[of] p2a: Groudon
|turn|3
|
|t:|1711941584
|move|p2b: Cinccino|Bullet Seed|p1a: Mudsdale
|-supereffective|p1a: Mudsdale
|-damage|p1a: Mudsdale|255/305
|-ability|p1a: Mudsdale|Stamina|boost
|-boost|p1a: Mudsdale|def|1
|-supereffective|p1a: Mudsdale
|-damage|p1a: Mudsdale|223/305
|-ability|p1a: Mudsdale|Stamina|boost
|-boost|p1a: Mudsdale|def|1
|-supereffective|p1a: Mudsdale
|-damage|p1a: Mudsdale|199/305
|-ability|p1a: Mudsdale|Stamina|boost
|-boost|p1a: Mudsdale|def|1
|-supereffective|p1a: Mudsdale
|-damage|p1a: Mudsdale|177/305
|-ability|p1a: Mudsdale|Stamina|boost
|-boost|p1a: Mudsdale|def|1
|-supereffective|p1a: Mudsdale
|-damage|p1a: Mudsdale|159/305
|-ability|p1a: Mudsdale|Stamina|boost
|-boost|p1a: Mudsdale|def|1
|-hitcount|p1a: Mudsdale|5
|move|p2a: Groudon|Precipice Blades|p1a: Mudsdale|[spread] p1a,p1b
|-damage|p1a: Mudsdale|135/305
|-damage|p1b: Slaking|103/403
|-ability|p1a: Mudsdale|Stamina|boost
|-boost|p1a: Mudsdale|def|1
|move|p1b: Slaking|Knock Off|p2a: Groudon
|-damage|p2a: Groudon|116/252
|-enditem|p2a: Groudon|Sitrus Berry|[from] move: Knock Off|[of] p1b: Slaking
|move|p1a: Mudsdale|Body Press|p2b: Cinccino
|-supereffective|p2b: Cinccino
|-crit|p2b: Cinccino
|-damage|p2b: Cinccino|0 fnt
|faint|p2b: Cinccino
|
|-weather|SunnyDay|[upkeep]
|upkeep
|
|t:|1711941615
|switch|p2b: Venomoth|Venomoth, L89, F|269/269
|turn|4
|
|t:|1711941628
|move|p2b: Venomoth|Sleep Powder|p1a: Mudsdale
|-status|p1a: Mudsdale|slp|[from] move: Sleep Powder
|-enditem|p1a: Mudsdale|Chesto Berry|[eat]
|-curestatus|p1a: Mudsdale|slp|[msg]
|move|p2a: Groudon|Precipice Blades|p1b: Slaking|[spread] p1a
|-miss|p2a: Groudon|p1b: Slaking
|-damage|p1a: Mudsdale|116/305
|cant|p1b: Slaking|ability: Truant
|move|p1a: Mudsdale|Rest|p1a: Mudsdale
|-status|p1a: Mudsdale|slp|[from] move: Rest
|-heal|p1a: Mudsdale|305/305 slp|[silent]
|
|-weather|SunnyDay|[upkeep]
|-sideend|p2: SMDR|move: Tailwind
|upkeep
|turn|5
|-message|SMDR forfeited.
|
|win|TruexZerox
|raw|TruexZerox's rating: 1106 &rarr; <strong>1134</strong><br />(+28 for winning)
|raw|SMDR's rating: 1146 &rarr; <strong>1118</strong><br />(-28 for losing)
|l|☆SMDR
|player|p2|
