{"id":"gen9randomdoublesbattle-2093341709","format":"[Gen 9] Random Doubles Battle","players":["lagaysha","TwoInchesofTerror"],"log":"|j|\u2606lagaysha\n|j|\u2606TwoInchesofTerror\n|t:|1711941700\n|gametype|doubles\n|player|p1|lagaysha|1|1509\n|player|p2|TwoInchesofTerror|backersf|1496\n|teamsize|p1|6\n|teamsize|p2|6\n|gen|9\n|tier|[Gen 9] Random Doubles Battle\n|rated|\n|rule|Species Clause: Limit one of each Pok\u00e9mon\n|rule|HP Percentage Mod: HP is shown in percentages\n|rule|Illusion Level Mod: Illusion disguises the Pok\u00e9mon's true level\n|rule|Sleep Clause Mod: Limit one foe put to sleep\n|\n|t:|1711941700\n|start\n|switch|p1a: Sandaconda|Sandaconda, L87, F|267\/267\n|switch|p1b: Wyrdeer|Wyrdeer, L85, M|314\/314\n|switch|p2a: Crawdaunt|Crawdaunt, L85, F|246\/246\n|switch|p2b: Blastoise|Blastoise, L83, F|267\/267\n|-ability|p1b: Wyrdeer|Intimidate|boost\n|-unboost|p2a: Crawdaunt|atk|1\n|-unboost|p2b: Blastoise|atk|1\n|-enditem|p2b: Blastoise|White Herb\n|-clearnegativeboost|p2b: Blastoise|[silent]\n|turn|1\n|\n|t:|1711941732\n|switch|p1a: Hydrapple|Hydrapple, L83, M|312\/312\n|move|p2b: Blastoise|Shell Smash|p2b: Blastoise\n|-unboost|p2b: Blastoise|def|1\n|-unboost|p2b: Blastoise|spd|1\n|-boost|p2b: Blastoise|atk|2\n|-boost|p2b: Blastoise|spa|2\n|-boost|p2b: Blastoise|spe|2\n|move|p1b: Wyrdeer|Thunderbolt|p2b: Blastoise\n|-supereffective|p2b: Blastoise\n|-damage|p2b: Blastoise|89\/267\n|move|p2a: Crawdaunt|Knock Off|p1b: Wyrdeer\n|-supereffective|p1b: Wyrdeer\n|-damage|p1b: Wyrdeer|0 fnt\n|-enditem|p1b: Wyrdeer|Assault Vest|[from] move: Knock Off|[of] p2a: Crawdaunt\n|faint|p1b: Wyrdeer\n|-damage|p2a: Crawdaunt|222\/246|[from] item: Life Orb\n|\n|upkeep\n|\n|t:|1711941758\n|switch|p1b: Zebstrika|Zebstrika, L88, F|275\/275\n|turn|2\n|\n|t:|1711941781\n|move|p2a: Crawdaunt|Protect|p2a: Crawdaunt\n|-singleturn|p2a: Crawdaunt|Protect\n|move|p2b: Blastoise|Dragon Pulse|p1a: Hydrapple\n|-supereffective|p1a: Hydrapple\n|-damage|p1a: Hydrapple|98\/312\n|move|p1b: Zebstrika|Thunderbolt|p2b: Blastoise\n|-supereffective|p2b: Blastoise\n|-damage|p2b: Blastoise|0 fnt\n|faint|p2b: Blastoise\n|-damage|p1b: Zebstrika|248\/275|[from] item: Life Orb\n|move|p1a: Hydrapple|Leaf Storm|p2a: Crawdaunt\n|-activate|p2a: Crawdaunt|move: Protect\n|\n|upkeep\n|\n|t:|1711941795\n|switch|p2b: Ariados|Ariados, L99, M|296\/296\n|turn|3\n|\n|t:|1711941811\n|move|p1b: Zebstrika|Overheat|p2b: Ariados\n|-supereffective|p2b: Ariados\n|-damage|p2b: Ariados|70\/296\n|-unboost|p1b: Zebstrika|spa|2\n|-enditem|p2b: Ariados|Sitrus Berry|[eat]\n|-heal|p2b: Ariados|144\/296|[from] item: Sitrus Berry\n|-damage|p1b: Zebstrika|221\/275|[from] item: Life Orb\n|move|p2a: Crawdaunt|Knock Off|p1b: Zebstrika\n|-damage|p1b: Zebstrika|34\/275\n|-enditem|p1b: Zebstrika|Life Orb|[from] move: Knock Off|[of] p2a: Crawdaunt\n|-damage|p2a: Crawdaunt|198\/246|[from] item: Life Orb\n|move|p2b: Ariados|Sticky Web|p1a: Hydrapple\n|-sidestart|p1: lagaysha|move: Sticky Web\n|move|p1a: Hydrapple|Leaf Storm|p2a: Crawdaunt\n|-supereffective|p2a: Crawdaunt\n|-damage|p2a: Crawdaunt|0 fnt\n|-unboost|p1a: Hydrapple|spa|2\n|faint|p2a: Crawdaunt\n|\n|upkeep\n|\n|t:|1711941826\n|switch|p2a: Alcremie|Alcremie-Mint-Cream, L88, F|258\/258\n|turn|4\n|\n|t:|1711941836\n|switch|p1a: Sandaconda|Sandaconda, L87, F|267\/267\n|-activate|p1a: Sandaconda|move: Sticky Web\n|-unboost|p1a: Sandaconda|spe|1\n|move|p1b: Zebstrika|High Horsepower|p2b: Ariados\n|-damage|p2b: Ariados|73\/296\n|move|p2a: Alcremie|Alluring Voice|p1a: Sandaconda\n|-damage|p1a: Sandaconda|149\/267\n|move|p2b: Ariados|Megahorn|p1a: Sandaconda\n|-damage|p1a: Sandaconda|29\/267\n|-enditem|p1a: Sandaconda|Sitrus Berry|[eat]\n|-heal|p1a: Sandaconda|95\/267|[from] item: Sitrus Berry\n|\n|upkeep\n|turn|5\n|\n|t:|1711941858\n|move|p1b: Zebstrika|Overheat|p2b: Ariados\n|-supereffective|p2b: Ariados\n|-damage|p2b: Ariados|0 fnt\n|-unboost|p1b: Zebstrika|spa|2\n|faint|p2b: Ariados\n|move|p2a: Alcremie|Alluring Voice|p1a: Sandaconda\n|-damage|p1a: Sandaconda|0 fnt\n|faint|p1a: Sandaconda\n|\n|upkeep\n|\n|t:|1711941870\n|switch|p1a: Muk|Muk-Alola, L83, M|310\/310\n|switch|p2b: Tornadus|Tornadus, L77, M|248\/248\n|-activate|p1a: Muk|move: Sticky Web\n|-unboost|p1a: Muk|spe|1\n|turn|6\n|\n|t:|1711941889\n|switch|p1b: Hydrapple|Hydrapple, L83, M|202\/312\n|-activate|p1b: Hydrapple|move: Sticky Web\n|-unboost|p1b: Hydrapple|spe|1\n|-terastallize|p2a: Alcremie|Steel\n|move|p2b: Tornadus|Tailwind|p2b: Tornadus\n|-sidestart|p2: TwoInchesofTerror|move: Tailwind\n|move|p2a: Alcremie|Decorate|p2b: Tornadus\n|-boost|p2b: Tornadus|atk|2\n|-boost|p2b: Tornadus|spa|2\n|move|p1a: Muk|Gunk Shot|p2a: Alcremie\n|-immune|p2a: Alcremie\n|\n|upkeep\n|turn|7\n|\n|t:|1711941915\n|move|p2b: Tornadus|Bleakwind Storm|p1a: Muk|[spread] p1a,p1b\n|-supereffective|p1b: Hydrapple\n|-damage|p1a: Muk|157\/310\n|-damage|p1b: Hydrapple|0 fnt\n|-unboost|p1a: Muk|spe|1\n|faint|p1b: Hydrapple\n|-ability|p1a: Muk|Regenerator|[from] ability: Power of Alchemy|[of] p1b: Hydrapple\n|move|p2a: Alcremie|Alluring Voice|p1a: Muk\n|-damage|p1a: Muk|67\/310\n|-enditem|p1a: Muk|Sitrus Berry|[eat]\n|-heal|p1a: Muk|144\/310|[from] item: Sitrus Berry\n|move|p1a: Muk|Knock Off|p2b: Tornadus\n|-damage|p2b: Tornadus|104\/248\n|-enditem|p2b: Tornadus|Sitrus Berry|[from] move: Knock Off|[of] p1a: Muk\n|\n|upkeep\n|\n|t:|1711941929\n|switch|p1b: Zebstrika|Zebstrika, L88, F|34\/275\n|-activate|p1b: Zebstrika|move: Sticky Web\n|-unboost|p1b: Zebstrika|spe|1\n|turn|8\n|\n|t:|1711941944\n|move|p2b: Tornadus|Bleakwind Storm|p1a: Muk|[spread] p1a,p1b\n|-resisted|p1b: Zebstrika\n|-damage|p1a: Muk|0 fnt\n|-damage|p1b: Zebstrika|0 fnt\n|faint|p1a: Muk\n|faint|p1b: Zebstrika\n|move|p2a: Alcremie|Alluring Voice|p1: Muk|[notarget]\n|-fail|p2a: Alcremie\n|\n|upkeep\n|\n|t:|1711941951\n|switch|p1b: Enamorus|Enamorus-Therian, L83, F|256\/256\n|turn|9\n|\n|t:|1711941961\n|move|p2b: Tornadus|Bleakwind Storm|p1b: Enamorus\n|-damage|p1b: Enamorus|42\/256\n|-unboost|p1b: Enamorus|spe|1\n|-enditem|p1b: Enamorus|Sitrus Berry|[eat]\n|-heal|p1b: Enamorus|106\/256|[from] item: Sitrus Berry\n|move|p2a: Alcremie|Decorate|p2b: Tornadus\n|-boost|p2b: Tornadus|atk|2\n|-boost|p2b: Tornadus|spa|2\n|move|p1b: Enamorus|Springtide Storm|p2a: Alcremie|[spread] p2a,p2b\n|-resisted|p2a: Alcremie\n|-damage|p2a: Alcremie|219\/258\n|-damage|p2b: Tornadus|0 fnt\n|faint|p2b: Tornadus\n|\n|-sideend|p2: TwoInchesofTerror|move: Tailwind\n|upkeep\n|\n|t:|1711941964\n|switch|p2b: Arceus|Arceus-Ice, L72|291\/291\n|turn|10\n|\n|t:|1711941976\n|move|p2b: Arceus|Judgment|p1b: Enamorus\n|-supereffective|p1b: Enamorus\n|-damage|p1b: Enamorus|0 fnt\n|faint|p1b: Enamorus\n|\n|win|TwoInchesofTerror\n|raw|lagaysha's rating: 1509 &rarr; <strong>1488<\/strong><br \/>(-21 for losing)\n|raw|TwoInchesofTerror's rating: 1496 &rarr; <strong>1517<\/strong><br \/>(+21 for winning)\n|l|\u2606lagaysha\n|player|p1|\n","inputlog":">version 6cdde67ed88b47ab6b8ae5717517ae7b5d1ef27b\n>start {\"formatid\":\"gen9randomdoublesbattle\",\"seed\":[11505,49624,45255,17632],\"rated\":\"Rated battle\"}\n>player p1 {\"name\":\"lagaysha\",\"avatar\":\"1\",\"rating\":1509,\"seed\":[55559,49541,10925,62805]}\n>player p2 {\"name\":\"TwoInchesofTerror\",\"avatar\":\"backersf\",\"rating\":1496,\"seed\":[26521,58315,22220,7893]}\n>p1 switch 4, move thunderbolt +2\n>p2 move knockoff +2, move shellsmash\n>p1 pass, switch 5\n>p1 move leafstorm +2, move thunderbolt +2\n>p2 move protect, move dragonpulse +1\n>p2 pass, switch 5\n>p1 move leafstorm +1, move overheat +2\n>p2 move knockoff +2, move stickyweb\n>p2 switch 6, pass\n>p1 switch 4, move highhorsepower +2\n>p2 move alluringvoice +1, move megahorn +1\n>p1 move glare +1, move overheat +2\n>p2 move alluringvoice +1, move megahorn +2\n>p1 switch 6, pass\n>p2 pass, switch 4\n>p1 move gunkshot +1, switch 4\n>p2 move decorate -2 terastallize, move tailwind\n>p1 move knockoff +2, move earthpower +1\n>p2 move alluringvoice +1, move bleakwindstorm\n>p1 pass, switch 4\n>p1 move rocktomb +2, move thunderbolt +2\n>p2 move alluringvoice +2, move bleakwindstorm\n>p1 pass, switch 3\n>p1 pass, move springtidestorm\n>p2 move decorate -2, move bleakwindstorm\n>p2 pass, switch 3\n>p1 pass, move springtidestorm\n>p2 move alluringvoice +2, move judgment +2","uploadtime":1711941984,"views":0,"formatid":"gen9randomdoublesbattle","rating":1488,"private":0,"password":null}