{"id":"gen8ou-2093351083","format":"[Gen 8] OU","players":["velvet","tyrtle li"],"log":"|j|\u2606velvet\n|j|\u2606tyrtle li\n|inactive|Battle timer is ON: inactive players will automatically lose when time's up.\n|t:|1711942998\n|gametype|singles\n|player|p1|velvet|jasmine-gen2|\n|player|p2|tyrtle li|1|\n|teamsize|p1|6\n|teamsize|p2|6\n|gen|8\n|tier|[Gen 8] OU\n|rated|Tournament battle\n|rule|Sleep Clause Mod: Limit one foe put to sleep\n|rule|Species Clause: Limit one of each Pok\u00e9mon\n|rule|OHKO Clause: OHKO moves are banned\n|rule|Evasion Items Clause: Evasion items are banned\n|rule|Evasion Moves Clause: Evasion moves are banned\n|rule|Endless Battle Clause: Forcing endless battles is banned\n|rule|HP Percentage Mod: HP is shown in percentages\n|rule|Dynamax Clause: You cannot dynamax\n|clearpoke\n|poke|p1|Melmetal|\n|poke|p1|Landorus-Therian, M|\n|poke|p1|Tapu Koko|\n|poke|p1|Weavile, M|\n|poke|p1|Dragonite, M|\n|poke|p1|Ferrothorn, M|\n|poke|p2|Tapu Lele|\n|poke|p2|Landorus-Therian, M|\n|poke|p2|Kartana|\n|poke|p2|Heatran, F|\n|poke|p2|Slowbro, M|\n|poke|p2|Umbreon, F|\n|teampreview\n|c|\u2606tyrtle li|gl hf\n|j| POORS ARE POOR 3\n|c|\u2606velvet|Hf\n|\n|t:|1711943016\n|start\n|switch|p1a: Weavile|Weavile, M|100\/100\n|switch|p2a: Slowbro|Slowbro, M|100\/100\n|-ability|p1a: Weavile|Pressure\n|turn|1\n|\n|t:|1711943023\n|move|p1a: Weavile|Beat Up|p2a: Slowbro\n|-supereffective|p2a: Slowbro\n|-enditem|p2a: Slowbro|Colbur Berry|[eat]\n|-enditem|p2a: Slowbro|Colbur Berry|[weaken]\n|-damage|p2a: Slowbro|93\/100\n|-supereffective|p2a: Slowbro\n|-damage|p2a: Slowbro|74\/100\n|-supereffective|p2a: Slowbro\n|-damage|p2a: Slowbro|59\/100\n|-supereffective|p2a: Slowbro\n|-damage|p2a: Slowbro|40\/100\n|-supereffective|p2a: Slowbro\n|-damage|p2a: Slowbro|20\/100\n|-supereffective|p2a: Slowbro\n|-damage|p2a: Slowbro|6\/100\n|-hitcount|p2a: Slowbro|6\n|move|p2a: Slowbro|Body Press|p1a: Weavile\n|-supereffective|p1a: Weavile\n|-crit|p1a: Weavile\n|-damage|p1a: Weavile|0 fnt\n|faint|p1a: Weavile\n|\n|upkeep\n|\n|t:|1711943036\n|switch|p1a: Ferrothorn|Ferrothorn, M|100\/100\n|turn|2\n|inactive|tyrtle li has 120 seconds left.\n|\n|t:|1711943081\n|switch|p2a: Heatran|Heatran, F|100\/100\n|move|p1a: Ferrothorn|Stealth Rock|p2a: Heatran\n|-sidestart|p2: tyrtle li|move: Stealth Rock\n|\n|upkeep\n|turn|3\n|\n|t:|1711943094\n|move|p2a: Heatran|Magma Storm|p1a: Ferrothorn\n|-supereffective|p1a: Ferrothorn\n|-damage|p1a: Ferrothorn|0 fnt\n|faint|p1a: Ferrothorn\n|\n|upkeep\n|\n|t:|1711943096\n|switch|p1a: Landorus|Landorus-Therian, M|100\/100\n|-ability|p1a: Landorus|Intimidate|boost\n|-unboost|p2a: Heatran|atk|1\n|turn|4\n|inactive|tyrtle li has 120 seconds left.\n|\n|t:|1711943102\n|switch|p2a: Landorus|Landorus-Therian, M|100\/100\n|-damage|p2a: Landorus|88\/100|[from] Stealth Rock\n|-ability|p2a: Landorus|Intimidate|boost\n|-unboost|p1a: Landorus|atk|1\n|move|p1a: Landorus|Knock Off|p2a: Landorus\n|-damage|p2a: Landorus|70\/100\n|-enditem|p2a: Landorus|Leftovers|[from] move: Knock Off|[of] p1a: Landorus\n|\n|upkeep\n|turn|5\n|j| Ominous Void\n|inactive|tyrtle li has 120 seconds left.\n|\n|t:|1711943113\n|move|p2a: Landorus|Defog|p1a: Landorus\n|-unboost|p1a: Landorus|evasion|1\n|-sideend|p2: tyrtle li|Stealth Rock|[from] move: Defog|[of] p2a: Landorus\n|move|p1a: Landorus|U-turn|p2a: Landorus\n|-resisted|p2a: Landorus\n|-damage|p2a: Landorus|63\/100\n|\n|t:|1711943132\n|switch|p1a: Dragonite|Dragonite, M|100\/100|[from] U-turn\n|\n|upkeep\n|turn|6\n|\n|t:|1711943145\n|move|p1a: Dragonite|Ice Punch|p2a: Landorus\n|-supereffective|p2a: Landorus\n|-damage|p2a: Landorus|0 fnt\n|faint|p2a: Landorus\n|\n|upkeep\n|\n|t:|1711943149\n|switch|p2a: Umbreon|Umbreon, F|100\/100\n|turn|7\n|inactive|velvet has 120 seconds left.\n|\n|t:|1711943184\n|switch|p1a: Melmetal|Melmetal|100\/100\n|move|p2a: Umbreon|Wish|p2a: Umbreon\n|\n|upkeep\n|turn|8\n|\n|t:|1711943209\n|switch|p2a: Slowbro|Slowbro, M|39\/100\n|move|p1a: Melmetal|Double Iron Bash|p2a: Slowbro\n|-resisted|p2a: Slowbro\n|-damage|p2a: Slowbro|28\/100\n|-resisted|p2a: Slowbro\n|-damage|p2a: Slowbro|17\/100\n|-hitcount|p2a: Slowbro|2\n|\n|-heal|p2a: Slowbro|67\/100|[from] move: Wish|[wisher] Umbreon\n|upkeep\n|turn|9\n|\n|t:|1711943218\n|move|p1a: Melmetal|Thunder Punch|p2a: Slowbro\n|-supereffective|p2a: Slowbro\n|-damage|p2a: Slowbro|31\/100\n|move|p2a: Slowbro|Scald|p1a: Melmetal\n|-damage|p1a: Melmetal|88\/100\n|\n|upkeep\n|turn|10\n|\n|t:|1711943232\n|switch|p2a: Umbreon|Umbreon, F|100\/100\n|move|p1a: Melmetal|Thunder Punch|p2a: Umbreon\n|-damage|p2a: Umbreon|82\/100\n|\n|-heal|p2a: Umbreon|88\/100|[from] item: Leftovers\n|upkeep\n|turn|11\n|\n|t:|1711943236\n|move|p2a: Umbreon|Wish|p2a: Umbreon\n|move|p1a: Melmetal|Double Iron Bash|p2a: Umbreon\n|-damage|p2a: Umbreon|67\/100\n|-damage|p2a: Umbreon|44\/100\n|-hitcount|p2a: Umbreon|2\n|\n|-heal|p2a: Umbreon|50\/100|[from] item: Leftovers\n|upkeep\n|turn|12\n|\n|t:|1711943242\n|move|p2a: Umbreon|Foul Play|p1a: Melmetal\n|-damage|p1a: Melmetal|58\/100\n|move|p1a: Melmetal|Double Iron Bash|p2a: Umbreon\n|-damage|p2a: Umbreon|29\/100\n|-damage|p2a: Umbreon|7\/100\n|-hitcount|p2a: Umbreon|2\n|\n|-heal|p2a: Umbreon|57\/100|[from] move: Wish|[wisher] Umbreon\n|-heal|p2a: Umbreon|63\/100|[from] item: Leftovers\n|upkeep\n|turn|13\n|\n|t:|1711943248\n|move|p2a: Umbreon|Wish|p2a: Umbreon\n|move|p1a: Melmetal|Double Iron Bash|p2a: Umbreon\n|-damage|p2a: Umbreon|42\/100\n|-damage|p2a: Umbreon|20\/100\n|-hitcount|p2a: Umbreon|2\n|\n|-heal|p2a: Umbreon|26\/100|[from] item: Leftovers\n|upkeep\n|turn|14\n|\n|t:|1711943253\n|move|p2a: Umbreon|Protect|p2a: Umbreon\n|-singleturn|p2a: Umbreon|Protect\n|move|p1a: Melmetal|Ice Punch|p2a: Umbreon\n|-activate|p2a: Umbreon|move: Protect\n|\n|-heal|p2a: Umbreon|76\/100|[from] move: Wish|[wisher] Umbreon\n|-heal|p2a: Umbreon|82\/100|[from] item: Leftovers\n|upkeep\n|turn|15\n|\n|t:|1711943257\n|move|p2a: Umbreon|Wish|p2a: Umbreon\n|move|p1a: Melmetal|Double Iron Bash|p2a: Umbreon\n|-damage|p2a: Umbreon|61\/100\n|-damage|p2a: Umbreon|39\/100\n|-hitcount|p2a: Umbreon|2\n|\n|-heal|p2a: Umbreon|45\/100|[from] item: Leftovers\n|upkeep\n|turn|16\n|\n|t:|1711943260\n|move|p2a: Umbreon|Protect|p2a: Umbreon\n|-singleturn|p2a: Umbreon|Protect\n|move|p1a: Melmetal|Double Iron Bash|p2a: Umbreon\n|-activate|p2a: Umbreon|move: Protect\n|\n|-heal|p2a: Umbreon|95\/100|[from] move: Wish|[wisher] Umbreon\n|-heal|p2a: Umbreon|100\/100|[from] item: Leftovers\n|upkeep\n|turn|17\n|\n|t:|1711943265\n|switch|p2a: Heatran|Heatran, F|100\/100\n|move|p1a: Melmetal|Double Iron Bash|p2a: Heatran\n|-resisted|p2a: Heatran\n|-damage|p2a: Heatran|94\/100\n|-resisted|p2a: Heatran\n|-damage|p2a: Heatran|85\/100\n|-hitcount|p2a: Heatran|2\n|\n|-heal|p2a: Heatran|92\/100|[from] item: Leftovers\n|upkeep\n|turn|18\n|\n|t:|1711943270\n|switch|p1a: Landorus|Landorus-Therian, M|100\/100\n|-ability|p1a: Landorus|Intimidate|boost\n|-unboost|p2a: Heatran|atk|1\n|move|p2a: Heatran|Magma Storm|p1a: Landorus|[miss]\n|-miss|p2a: Heatran|p1a: Landorus\n|\n|-heal|p2a: Heatran|98\/100|[from] item: Leftovers\n|upkeep\n|turn|19\n|\n|t:|1711943275\n|switch|p2a: Slowbro|Slowbro, M|65\/100\n|move|p1a: Landorus|Earthquake|p2a: Slowbro\n|-damage|p2a: Slowbro|34\/100\n|\n|upkeep\n|turn|20\n|\n|t:|1711943280\n|move|p1a: Landorus|U-turn|p2a: Slowbro\n|-supereffective|p2a: Slowbro\n|-damage|p2a: Slowbro|8\/100\n|\n|t:|1711943282\n|switch|p1a: Tapu Koko|Tapu Koko|100\/100|[from] U-turn\n|-fieldstart|move: Electric Terrain|[from] ability: Electric Surge|[of] p1a: Tapu Koko\n|move|p2a: Slowbro|Slack Off|p2a: Slowbro\n|-heal|p2a: Slowbro|58\/100\n|\n|upkeep\n|turn|21\n|\n|t:|1711943285\n|switch|p2a: Heatran|Heatran, F|98\/100\n|move|p1a: Tapu Koko|Calm Mind|p1a: Tapu Koko\n|-boost|p1a: Tapu Koko|spa|1\n|-boost|p1a: Tapu Koko|spd|1\n|\n|-heal|p2a: Heatran|100\/100|[from] item: Leftovers\n|upkeep\n|turn|22\n|\n|t:|1711943288\n|move|p1a: Tapu Koko|Thunderbolt|p2a: Heatran\n|-damage|p2a: Heatran|52\/100\n|move|p2a: Heatran|Magma Storm|p1a: Tapu Koko\n|-damage|p1a: Tapu Koko|57\/100\n|-activate|p1a: Tapu Koko|move: Magma Storm|[of] p2a: Heatran\n|\n|-heal|p2a: Heatran|59\/100|[from] item: Leftovers\n|-damage|p1a: Tapu Koko|45\/100|[from] move: Magma Storm|[partiallytrapped]\n|upkeep\n|turn|23\n|\n|t:|1711943293\n|move|p1a: Tapu Koko|Roost|p1a: Tapu Koko\n|-heal|p1a: Tapu Koko|95\/100\n|-singleturn|p1a: Tapu Koko|move: Roost\n|move|p2a: Heatran|Earth Power|p1a: Tapu Koko\n|-supereffective|p1a: Tapu Koko\n|-damage|p1a: Tapu Koko|38\/100\n|\n|-heal|p2a: Heatran|65\/100|[from] item: Leftovers\n|-damage|p1a: Tapu Koko|26\/100|[from] move: Magma Storm|[partiallytrapped]\n|upkeep\n|turn|24\n|\n|t:|1711943301\n|move|p1a: Tapu Koko|Thunderbolt|p2a: Heatran\n|-damage|p2a: Heatran|18\/100\n|move|p2a: Heatran|Earth Power|p1a: Tapu Koko\n|-supereffective|p1a: Tapu Koko\n|-damage|p1a: Tapu Koko|0 fnt\n|faint|p1a: Tapu Koko\n|\n|-heal|p2a: Heatran|24\/100|[from] item: Leftovers\n|-fieldend|move: Electric Terrain\n|upkeep\n|\n|t:|1711943303\n|switch|p1a: Landorus|Landorus-Therian, M|100\/100\n|-ability|p1a: Landorus|Intimidate|boost\n|-unboost|p2a: Heatran|atk|1\n|turn|25\n|\n|t:|1711943308\n|switch|p2a: Slowbro|Slowbro, M|91\/100\n|move|p1a: Landorus|U-turn|p2a: Slowbro\n|-supereffective|p2a: Slowbro\n|-damage|p2a: Slowbro|64\/100\n|\n|t:|1711943310\n|switch|p1a: Melmetal|Melmetal|58\/100|[from] U-turn\n|\n|upkeep\n|turn|26\n|\n|t:|1711943314\n|move|p1a: Melmetal|Double Iron Bash|p2a: Slowbro\n|-resisted|p2a: Slowbro\n|-damage|p2a: Slowbro|53\/100\n|-resisted|p2a: Slowbro\n|-damage|p2a: Slowbro|41\/100\n|-hitcount|p2a: Slowbro|2\n|move|p2a: Slowbro|Scald|p1a: Melmetal\n|-damage|p1a: Melmetal|44\/100\n|-status|p1a: Melmetal|brn\n|\n|-damage|p1a: Melmetal|38\/100 brn|[from] brn\n|upkeep\n|turn|27\n|\n|t:|1711943320\n|switch|p1a: Dragonite|Dragonite, M|100\/100\n|move|p2a: Slowbro|Slack Off|p2a: Slowbro\n|-heal|p2a: Slowbro|92\/100\n|\n|upkeep\n|turn|28\n|\n|t:|1711943324\n|move|p1a: Dragonite|Dragon Dance|p1a: Dragonite\n|-boost|p1a: Dragonite|atk|1\n|-boost|p1a: Dragonite|spe|1\n|move|p2a: Slowbro|Teleport|p2a: Slowbro\n|\n|t:|1711943326\n|switch|p2a: Umbreon|Umbreon, F|100\/100|[from] Teleport\n|\n|upkeep\n|turn|29\n|\n|t:|1711943330\n|move|p1a: Dragonite|Ice Punch|p2a: Umbreon\n|-damage|p2a: Umbreon|77\/100\n|move|p2a: Umbreon|Foul Play|p1a: Dragonite\n|-damage|p1a: Dragonite|70\/100\n|\n|-heal|p2a: Umbreon|83\/100|[from] item: Leftovers\n|upkeep\n|turn|30\n|\n|t:|1711943334\n|move|p1a: Dragonite|Ice Punch|p2a: Umbreon\n|-damage|p2a: Umbreon|60\/100\n|move|p2a: Umbreon|Foul Play|p1a: Dragonite\n|-damage|p1a: Dragonite|9\/100\n|\n|-heal|p2a: Umbreon|66\/100|[from] item: Leftovers\n|upkeep\n|turn|31\n|\n|t:|1711943337\n|move|p1a: Dragonite|Ice Punch|p2a: Umbreon\n|-damage|p2a: Umbreon|43\/100\n|move|p2a: Umbreon|Foul Play|p1a: Dragonite\n|-damage|p1a: Dragonite|0 fnt\n|faint|p1a: Dragonite\n|\n|-heal|p2a: Umbreon|49\/100|[from] item: Leftovers\n|upkeep\n|\n|t:|1711943338\n|switch|p1a: Landorus|Landorus-Therian, M|100\/100\n|-ability|p1a: Landorus|Intimidate|boost\n|-unboost|p2a: Umbreon|atk|1\n|turn|32\n|\n|t:|1711943341\n|move|p1a: Landorus|Earthquake|p2a: Umbreon\n|-damage|p2a: Umbreon|21\/100\n|move|p2a: Umbreon|Wish|p2a: Umbreon\n|\n|-heal|p2a: Umbreon|27\/100|[from] item: Leftovers\n|upkeep\n|turn|33\n|l| Ominous Void\n|\n|t:|1711943354\n|switch|p2a: Kartana|Kartana|100\/100\n|move|p1a: Landorus|Earthquake|p2a: Kartana\n|-damage|p2a: Kartana|47\/100\n|\n|-heal|p2a: Kartana|100\/100|[from] move: Wish|[wisher] Umbreon\n|upkeep\n|turn|34\n|\n|t:|1711943356\n|move|p2a: Kartana|Leaf Blade|p1a: Landorus\n|-damage|p1a: Landorus|41\/100\n|move|p1a: Landorus|Earthquake|p2a: Kartana\n|-damage|p2a: Kartana|47\/100\n|\n|-heal|p1a: Landorus|47\/100|[from] item: Leftovers\n|upkeep\n|turn|35\n|\n|t:|1711943360\n|move|p2a: Kartana|Leaf Blade|p1a: Landorus\n|-damage|p1a: Landorus|0 fnt\n|faint|p1a: Landorus\n|-ability|p2a: Kartana|Beast Boost|boost\n|-boost|p2a: Kartana|atk|1\n|\n|upkeep\n|\n|t:|1711943361\n|switch|p1a: Melmetal|Melmetal|38\/100 brn\n|turn|36\n|\n|t:|1711943363\n|move|p2a: Kartana|Leaf Blade|p1a: Melmetal\n|-resisted|p1a: Melmetal\n|-crit|p1a: Melmetal\n|-damage|p1a: Melmetal|2\/100 brn\n|move|p1a: Melmetal|Superpower|p2a: Kartana\n|-supereffective|p2a: Kartana\n|-damage|p2a: Kartana|7\/100\n|-unboost|p1a: Melmetal|atk|1\n|-unboost|p1a: Melmetal|def|1\n|\n|-damage|p1a: Melmetal|0 fnt|[from] brn\n|faint|p1a: Melmetal\n|\n|win|tyrtle li\n|upkeep\n|n|\u2606velvet|velvet\n|n|\u2606tyrtle li|tyrtleli\n|n| POORS ARE POOR 3|poorsarepoor3\n|c|\u2606tyrtle li|gg\n|l| POORS ARE POOR 3\n|l|\u2606velvet\n|player|p1|\n","uploadtime":1711943939,"views":1,"formatid":"gen8ou","rating":null,"private":0,"password":null}