|j|☆pulsar512b
|j|☆Death2thewest
|t:|1711923611
|gametype|singles
|player|p1|pulsar512b|acetrainersnowf|
|player|p2|Death2thewest|#death2thewest|
|teamsize|p1|6
|teamsize|p2|6
|gen|8
|tier|[Gen 8] OU
|rule|Sleep Clause Mod: Limit one foe put to sleep
|rule|Species Clause: Limit one of each Pokémon
|rule|OHKO Clause: OHKO moves are banned
|rule|Evasion Items Clause: Evasion items are banned
|rule|Evasion Moves Clause: Evasion moves are banned
|rule|Endless Battle Clause: Forcing endless battles is banned
|rule|HP Percentage Mod: HP is shown in percentages
|rule|Dynamax Clause: You cannot dynamax
|clearpoke
|poke|p1|Clefable, M|
|poke|p1|Hippowdon, M|
|poke|p1|Rotom-Wash|
|poke|p1|Corviknight, F|
|poke|p1|Tapu Lele|
|poke|p1|Dragapult, F|
|poke|p2|Mew|
|poke|p2|Cinderace, M|
|poke|p2|Kartana|
|poke|p2|Bisharp, M|
|poke|p2|Tapu Fini|
|poke|p2|Garchomp, M|
|teampreview
|c|☆Death2thewest|Glhf
|c|☆pulsar512b|u2
|c|☆Death2thewest|Sorry if I dc my net is shit
|c|☆pulsar512b|allg
|
|t:|1711923695
|start
|switch|p1a: Dragapult|Dragapult, F|100/100
|switch|p2a: Bisharp|Bisharp, M, shiny|100/100
|-item|p2a: Bisharp|Air Balloon
|turn|1
|
|t:|1711923718
|switch|p1a: Corviknight|Corviknight, F|100/100
|-ability|p1a: Corviknight|Pressure
|move|p2a: Bisharp|Knock Off|p1a: Corviknight
|-damage|p1a: Corviknight|69/100
|-enditem|p1a: Corviknight|Leftovers|[from] move: Knock Off|[of] p2a: Bisharp
|
|upkeep
|turn|2
|
|t:|1711923727
|switch|p2a: Mew|Mew|100/100
|move|p1a: Corviknight|U-turn|p2a: Mew
|-supereffective|p2a: Mew
|-damage|p2a: Mew|75/100
|
|t:|1711923731
|switch|p1a: Dragapult|Dragapult, F|100/100|[from] U-turn
|
|upkeep
|turn|3
|
|t:|1711923747
|move|p1a: Dragapult|U-turn|p2a: Mew
|-supereffective|p2a: Mew
|-damage|p2a: Mew|46/100
|
|t:|1711923751
|switch|p1a: Tapu Lele|Tapu Lele|100/100|[from] U-turn
|-fieldstart|move: Psychic Terrain|[from] ability: Psychic Surge|[of] p1a: Tapu Lele
|move|p2a: Mew|Stealth Rock|p1a: Tapu Lele
|-sidestart|p1: pulsar512b|move: Stealth Rock
|
|upkeep
|turn|4
|
|t:|1711923774
|move|p2a: Mew|Spikes|p1a: Tapu Lele
|-sidestart|p1: pulsar512b|Spikes
|move|p1a: Tapu Lele|Moonblast|p2a: Mew
|-damage|p2a: Mew|0 fnt
|faint|p2a: Mew
|
|upkeep
|
|t:|1711923818
|switch|p2a: Cinderace|Cinderace, M|100/100
|turn|5
|
|t:|1711923853
|switch|p1a: Dragapult|Dragapult, F|100/100
|-damage|p1a: Dragapult|88/100|[from] Stealth Rock
|-damage|p1a: Dragapult|76/100|[from] Spikes
|move|p2a: Cinderace|Gunk Shot|p1a: Dragapult
|-start|p2a: Cinderace|typechange|Poison|[from] ability: Libero
|-resisted|p1a: Dragapult
|-damage|p1a: Dragapult|34/100
|-status|p1a: Dragapult|psn
|
|-damage|p1a: Dragapult|22/100 psn|[from] psn
|upkeep
|turn|6
|
|t:|1711923885
|move|p2a: Cinderace|Sucker Punch|p1a: Dragapult
|-start|p2a: Cinderace|typechange|Dark|[from] ability: Libero
|-activate|p1a: Dragapult|move: Psychic Terrain
|move|p1a: Dragapult|Shadow Ball|p2a: Cinderace
|-resisted|p2a: Cinderace
|-damage|p2a: Cinderace|64/100
|
|-heal|p2a: Cinderace|70/100|[from] item: Leftovers
|-damage|p1a: Dragapult|10/100 psn|[from] psn
|upkeep
|turn|7
|c|☆Death2thewest|Lmao
|c|☆Death2thewest|I'm too tired to be playing mons rn
|c|☆Death2thewest|But I shall persevere!
|
|t:|1711923941
|move|p1a: Dragapult|Shadow Ball|p2a: Cinderace
|-resisted|p2a: Cinderace
|-damage|p2a: Cinderace|33/100
|move|p2a: Cinderace|Pyro Ball|p1a: Dragapult
|-start|p2a: Cinderace|typechange|Fire|[from] ability: Libero
|-resisted|p1a: Dragapult
|-damage|p1a: Dragapult|0 fnt
|faint|p1a: Dragapult
|
|-heal|p2a: Cinderace|39/100|[from] item: Leftovers
|-fieldend|move: Psychic Terrain
|upkeep
|
|t:|1711923959
|switch|p1a: Rotom|Rotom-Wash|100/100
|-damage|p1a: Rotom|88/100|[from] Stealth Rock
|turn|8
|
|t:|1711924022
|switch|p2a: Garchomp|Garchomp, M|100/100
|move|p1a: Rotom|Volt Switch|p2a: Garchomp
|-immune|p2a: Garchomp
|
|-heal|p1a: Rotom|94/100|[from] item: Leftovers
|upkeep
|turn|9
|
|t:|1711924059
|move|p2a: Garchomp|Swords Dance|p2a: Garchomp
|-boost|p2a: Garchomp|atk|2
|move|p1a: Rotom|Will-O-Wisp|p2a: Garchomp
|-status|p2a: Garchomp|brn
|-enditem|p2a: Garchomp|Lum Berry|[eat]
|-curestatus|p2a: Garchomp|brn|[msg]
|
|-heal|p1a: Rotom|99/100|[from] item: Leftovers
|upkeep
|turn|10
|c|☆pulsar512b|punished...
|
|t:|1711924082
|move|p2a: Garchomp|Scale Shot|p1a: Rotom
|-damage|p1a: Rotom|78/100
|-damage|p1a: Rotom|56/100
|-damage|p1a: Rotom|33/100
|-damage|p1a: Rotom|11/100
|-damage|p1a: Rotom|0 fnt
|faint|p1a: Rotom
|-hitcount|p1: Rotom|5
|-unboost|p2a: Garchomp|def|1
|-boost|p2a: Garchomp|spe|1
|
|upkeep
|
|t:|1711924090
|switch|p1a: Clefable|Clefable, M|100/100
|turn|11
|
|t:|1711924105
|move|p2a: Garchomp|Earthquake|p1a: Clefable
|-damage|p1a: Clefable|16/100
|move|p1a: Clefable|Moonblast|p2a: Garchomp
|-supereffective|p2a: Garchomp
|-damage|p2a: Garchomp|26/100
|-unboost|p2a: Garchomp|spa|1
|
|upkeep
|turn|12
|
|t:|1711924118
|move|p2a: Garchomp|Earthquake|p1a: Clefable
|-damage|p1a: Clefable|0 fnt
|faint|p1a: Clefable
|
|upkeep
|
|t:|1711924120
|switch|p1a: Corviknight|Corviknight, F|69/100
|-damage|p1a: Corviknight|57/100|[from] Stealth Rock
|-ability|p1a: Corviknight|Pressure
|turn|13
|
|t:|1711924132
|move|p2a: Garchomp|Aqua Tail|p1a: Corviknight|[miss]
|-miss|p2a: Garchomp|p1a: Corviknight
|move|p1a: Corviknight|Body Press|p2a: Garchomp
|-damage|p2a: Garchomp|0 fnt
|-damage|p1a: Corviknight|45/100|[from] ability: Rough Skin|[of] p2a: Garchomp
|faint|p2a: Garchomp
|
|upkeep
|
|t:|1711924158
|switch|p2a: Cinderace|Cinderace, M|39/100
|turn|14
|
|t:|1711924163
|switch|p1a: Tapu Lele|Tapu Lele|100/100
|-damage|p1a: Tapu Lele|88/100|[from] Stealth Rock
|-damage|p1a: Tapu Lele|76/100|[from] Spikes
|-fieldstart|move: Psychic Terrain|[from] ability: Psychic Surge|[of] p1a: Tapu Lele
|move|p2a: Cinderace|Pyro Ball|p1a: Tapu Lele
|-damage|p1a: Tapu Lele|0 fnt
|faint|p1a: Tapu Lele
|
|-heal|p2a: Cinderace|45/100|[from] item: Leftovers
|upkeep
|
|t:|1711924166
|switch|p1a: Hippowdon|Hippowdon, M|100/100
|-damage|p1a: Hippowdon|94/100|[from] Stealth Rock
|-damage|p1a: Hippowdon|82/100|[from] Spikes
|-weather|Sandstorm|[from] ability: Sand Stream|[of] p1a: Hippowdon
|turn|15
|
|t:|1711924193
|switch|p2a: Bisharp|Bisharp, M, shiny|100/100
|-item|p2a: Bisharp|Air Balloon
|switch|p1a: Corviknight|Corviknight, F|45/100
|-damage|p1a: Corviknight|33/100|[from] Stealth Rock
|-ability|p1a: Corviknight|Pressure
|
|-weather|Sandstorm|[upkeep]
|upkeep
|turn|16
|
|t:|1711924230
|switch|p2a: Tapu Fini|Tapu Fini|100/100
|-fieldstart|move: Misty Terrain|[from] ability: Misty Surge|[of] p2a: Tapu Fini
|move|p1a: Corviknight|Roost|p1a: Corviknight
|-heal|p1a: Corviknight|83/100
|-singleturn|p1a: Corviknight|move: Roost
|
|-weather|Sandstorm|[upkeep]
|-damage|p2a: Tapu Fini|94/100|[from] Sandstorm
|-heal|p2a: Tapu Fini|100/100|[from] item: Leftovers
|upkeep
|turn|17
|
|t:|1711924240
|move|p2a: Tapu Fini|Calm Mind|p2a: Tapu Fini
|-boost|p2a: Tapu Fini|spa|1
|-boost|p2a: Tapu Fini|spd|1
|move|p1a: Corviknight|Defog|p2a: Tapu Fini
|-unboost|p2a: Tapu Fini|evasion|1
|-sideend|p1: pulsar512b|Spikes|[from] move: Defog|[of] p1a: Corviknight
|-sideend|p1: pulsar512b|Stealth Rock|[from] move: Defog|[of] p1a: Corviknight
|-fieldend|Misty Terrain
|
|-weather|Sandstorm|[upkeep]
|-damage|p2a: Tapu Fini|94/100|[from] Sandstorm
|-heal|p2a: Tapu Fini|100/100|[from] item: Leftovers
|upkeep
|turn|18
|-message|pulsar512b forfeited.
|
|win|Death2thewest
|c|☆Death2thewest|Gg
|c|☆pulsar512b|gg
|j| Spammernoob
|l|☆pulsar512b
|player|p1|
