{"id":"gen8ou-2093295700","format":"[Gen 8] OU","players":["orasz soviet","outz u"],"log":"|raw|<div class=\"broadcast-blue\"><strong>This battle is required to be public due to a player having a name starting with 'orasz'.<\/div>\n|j|\u2606orasz soviet\n|j|\u2606outz u\n|t:|1711935849\n|gametype|singles\n|player|p1|orasz soviet|ogreclan|\n|player|p2|outz u|101|\n|teamsize|p1|6\n|teamsize|p2|6\n|gen|8\n|tier|[Gen 8] OU\n|rule|Sleep Clause Mod: Limit one foe put to sleep\n|rule|Species Clause: Limit one of each Pok\u00e9mon\n|rule|OHKO Clause: OHKO moves are banned\n|rule|Evasion Items Clause: Evasion items are banned\n|rule|Evasion Moves Clause: Evasion moves are banned\n|rule|Endless Battle Clause: Forcing endless battles is banned\n|rule|HP Percentage Mod: HP is shown in percentages\n|rule|Dynamax Clause: You cannot dynamax\n|clearpoke\n|poke|p1|Tyranitar, M|\n|poke|p1|Clefable, M|\n|poke|p1|Excadrill, M|\n|poke|p1|Tangrowth, M|\n|poke|p1|Slowking-Galar, M|\n|poke|p1|Rotom-Wash|\n|poke|p2|Dragapult, F|\n|poke|p2|Tapu Fini|\n|poke|p2|Blacephalon|\n|poke|p2|Tapu Lele|\n|poke|p2|Landorus-Therian, M|\n|poke|p2|Melmetal|\n|teampreview\n|inactive|Battle timer is ON: inactive players will automatically lose when time's up. (requested by orasz soviet)\n|c|\u2606outz u|hf\n|inactive|orasz soviet has 270 seconds left.\n|inactive|outz u has 270 seconds left.\n|j| EROTIC BARBER\n|\n|t:|1711935891\n|start\n|switch|p1a: Clefable|Clefable, M|100\/100\n|switch|p2a: Dragapult|Dragapult, F|100\/100\n|turn|1\n|j| venesha\n|\n|t:|1711935895\n|move|p2a: Dragapult|U-turn|p1a: Clefable\n|-resisted|p1a: Clefable\n|-damage|p1a: Clefable|94\/100\n|-damage|p2a: Dragapult|84\/100|[from] item: Rocky Helmet|[of] p1a: Clefable\n|l| EROTIC BARBER\n|\n|t:|1711935907\n|switch|p2a: Tapu Fini|Tapu Fini|100\/100|[from] U-turn\n|-fieldstart|move: Misty Terrain|[from] ability: Misty Surge|[of] p2a: Tapu Fini\n|move|p1a: Clefable|Knock Off|p2a: Tapu Fini\n|-resisted|p2a: Tapu Fini\n|-damage|p2a: Tapu Fini|93\/100\n|-enditem|p2a: Tapu Fini|Choice Scarf|[from] move: Knock Off|[of] p1a: Clefable\n|\n|upkeep\n|turn|2\n|c| venesha|double ghost\n|c| venesha|respect\n|j| EROTIC BARBER\n|c| venesha|i too recognize the brokeness\n|c| venesha|of pult\n|c| venesha|and blace\n|j| nudili\n|l| EROTIC BARBER\n|l| venesha\n|inactive|orasz soviet has 270 seconds left.\n|\n|t:|1711935947\n|switch|p1a: Slowking|Slowking-Galar, M|100\/100\n|move|p2a: Tapu Fini|Trick|p1a: Slowking\n|-activate|p2a: Tapu Fini|move: Trick|[of] p1a: Slowking\n|-enditem|p1a: Slowking|Black Sludge|[silent]|[from] move: Trick\n|-item|p2a: Tapu Fini|Black Sludge|[from] move: Trick\n|\n|-damage|p2a: Tapu Fini|81\/100|[from] item: Black Sludge\n|upkeep\n|turn|3\n|j| venesha\n|l| venesha\n|\n|t:|1711935960\n|switch|p2a: Landorus|Landorus-Therian, M|100\/100\n|-ability|p2a: Landorus|Intimidate|boost\n|-unboost|p1a: Slowking|atk|1\n|move|p1a: Slowking|Sludge Bomb|p2a: Landorus\n|-resisted|p2a: Landorus\n|-damage|p2a: Landorus|84\/100\n|\n|-heal|p2a: Landorus|90\/100|[from] item: Leftovers\n|upkeep\n|turn|4\n|j| venesha\n|j| EROTIC BARBER\n|\n|t:|1711935972\n|switch|p1a: Rotom|Rotom-Wash|100\/100\n|move|p2a: Landorus|Stealth Rock|p1a: Rotom\n|-sidestart|p1: orasz soviet|move: Stealth Rock\n|\n|-heal|p2a: Landorus|96\/100|[from] item: Leftovers\n|upkeep\n|turn|5\n|\n|t:|1711935983\n|switch|p2a: Dragapult|Dragapult, F|84\/100\n|move|p1a: Rotom|Hydro Pump|p2a: Dragapult\n|-resisted|p2a: Dragapult\n|-crit|p2a: Dragapult\n|-damage|p2a: Dragapult|43\/100\n|\n|-fieldend|Misty Terrain\n|upkeep\n|turn|6\n|l| nudili\n|l| EROTIC BARBER\n|\n|t:|1711936001\n|move|p2a: Dragapult|Shadow Ball|p1a: Rotom\n|-damage|p1a: Rotom|52\/100\n|move|p1a: Rotom|Volt Switch|p2a: Dragapult\n|-resisted|p2a: Dragapult\n|-damage|p2a: Dragapult|25\/100\n|c| venesha|is this justice\n|\n|t:|1711936009\n|switch|p1a: Clefable|Clefable, M|94\/100|[from] Volt Switch\n|\n|upkeep\n|turn|7\n|\n|t:|1711936017\n|switch|p2a: Melmetal|Melmetal|100\/100\n|move|p1a: Clefable|Stealth Rock|p2a: Melmetal\n|-sidestart|p2: outz u|move: Stealth Rock\n|\n|upkeep\n|turn|8\n|l| venesha\n|j| EROTIC BARBER\n|inactive|orasz soviet has 270 seconds left.\n|\n|t:|1711936036\n|switch|p1a: Tangrowth|Tangrowth, M, shiny|100\/100\n|-damage|p1a: Tangrowth|88\/100|[from] Stealth Rock\n|switch|p2a: Tapu Lele|Tapu Lele|100\/100\n|-damage|p2a: Tapu Lele|88\/100|[from] Stealth Rock\n|-fieldstart|move: Psychic Terrain|[from] ability: Psychic Surge|[of] p2a: Tapu Lele\n|\n|upkeep\n|turn|9\n|j| venesha\n|j| whis get the\n|\n|t:|1711936040\n|switch|p1a: Slowking|Slowking-Galar, M|100\/100\n|-damage|p1a: Slowking|88\/100|[from] Stealth Rock\n|move|p2a: Tapu Lele|Psyshock|p1a: Slowking\n|-damage|p1a: Slowking|22\/100\n|\n|upkeep\n|turn|10\n|\n|t:|1711936051\n|switch|p2a: Landorus|Landorus-Therian, M|96\/100\n|-damage|p2a: Landorus|84\/100|[from] Stealth Rock\n|-ability|p2a: Landorus|Intimidate|boost\n|-unboost|p1a: Slowking|atk|1\n|switch|p1a: Tangrowth|Tangrowth, M, shiny|100\/100\n|-damage|p1a: Tangrowth|88\/100|[from] Stealth Rock\n|\n|-heal|p2a: Landorus|90\/100|[from] item: Leftovers\n|upkeep\n|turn|11\n|l| EROTIC BARBER\n|j| EROTIC BARBER\n|l| EROTIC BARBER\n|\n|t:|1711936075\n|move|p2a: Landorus|Knock Off|p1a: Tangrowth\n|-damage|p1a: Tangrowth|70\/100\n|-damage|p2a: Landorus|73\/100|[from] item: Rocky Helmet|[of] p1a: Tangrowth\n|-enditem|p1a: Tangrowth|Rocky Helmet|[from] move: Knock Off|[of] p2a: Landorus\n|move|p1a: Tangrowth|Sleep Powder|p2a: Landorus|[miss]\n|-miss|p1a: Tangrowth|p2a: Landorus\n|\n|-heal|p2a: Landorus|79\/100|[from] item: Leftovers\n|upkeep\n|turn|12\n|l| venesha\n|j| nudili\n|\n|t:|1711936084\n|move|p2a: Landorus|U-turn|p1a: Tangrowth\n|-supereffective|p1a: Tangrowth\n|-damage|p1a: Tangrowth|45\/100\n|\n|t:|1711936087\n|switch|p2a: Tapu Fini|Tapu Fini|81\/100|[from] U-turn\n|-damage|p2a: Tapu Fini|68\/100|[from] Stealth Rock\n|-fieldstart|move: Misty Terrain|[from] ability: Misty Surge|[of] p2a: Tapu Fini\n|move|p1a: Tangrowth|Focus Blast|p2a: Tapu Fini\n|-resisted|p2a: Tapu Fini\n|-damage|p2a: Tapu Fini|54\/100\n|\n|-damage|p2a: Tapu Fini|41\/100|[from] item: Black Sludge\n|upkeep\n|turn|13\n|j| EROTIC BARBER\n|j| venesha\n|l| venesha\n|l| EROTIC BARBER\n|c| whis get the|how r u down an oras game alr\n|c| whis get the|..\n|\n|t:|1711936115\n|switch|p2a: Tapu Lele|Tapu Lele|88\/100\n|-damage|p2a: Tapu Lele|76\/100|[from] Stealth Rock\n|-fieldstart|move: Psychic Terrain|[from] ability: Psychic Surge|[of] p2a: Tapu Lele\n|switch|p1a: Slowking|Slowking-Galar, M|55\/100\n|-damage|p1a: Slowking|42\/100|[from] Stealth Rock\n|\n|upkeep\n|turn|14\n|j| venesha\n|l| venesha\n|l| whis get the\n|j| venesha\n|\n|t:|1711936128\n|switch|p1a: Excadrill|Excadrill, M|100\/100\n|-damage|p1a: Excadrill|97\/100|[from] Stealth Rock\n|move|p2a: Tapu Lele|Moonblast|p1a: Excadrill\n|-resisted|p1a: Excadrill\n|-damage|p1a: Excadrill|38\/100\n|-unboost|p1a: Excadrill|spa|1\n|\n|-heal|p1a: Excadrill|45\/100|[from] item: Leftovers\n|upkeep\n|turn|15\n|l| venesha\n|\n|t:|1711936141\n|switch|p1a: Slowking|Slowking-Galar, M|76\/100\n|-damage|p1a: Slowking|63\/100|[from] Stealth Rock\n|move|p2a: Tapu Lele|Moonblast|p1a: Slowking\n|-resisted|p1a: Slowking\n|-damage|p1a: Slowking|33\/100\n|\n|upkeep\n|turn|16\n|\n|t:|1711936155\n|switch|p2a: Landorus|Landorus-Therian, M|79\/100\n|-damage|p2a: Landorus|67\/100|[from] Stealth Rock\n|-ability|p2a: Landorus|Intimidate|boost\n|-unboost|p1a: Slowking|atk|1\n|switch|p1a: Rotom|Rotom-Wash|52\/100\n|-damage|p1a: Rotom|39\/100|[from] Stealth Rock\n|\n|-heal|p2a: Landorus|73\/100|[from] item: Leftovers\n|-heal|p1a: Rotom|45\/100|[from] item: Leftovers\n|upkeep\n|turn|17\n|\n|t:|1711936163\n|switch|p2a: Tapu Fini|Tapu Fini|41\/100\n|-damage|p2a: Tapu Fini|29\/100|[from] Stealth Rock\n|-fieldstart|move: Misty Terrain|[from] ability: Misty Surge|[of] p2a: Tapu Fini\n|move|p1a: Rotom|Hydro Pump|p2a: Tapu Fini|[miss]\n|-miss|p1a: Rotom|p2a: Tapu Fini\n|\n|-damage|p2a: Tapu Fini|17\/100|[from] item: Black Sludge\n|-heal|p1a: Rotom|51\/100|[from] item: Leftovers\n|upkeep\n|turn|18\n|j| venesha\n|\n|t:|1711936182\n|switch|p2a: Landorus|Landorus-Therian, M|73\/100\n|-damage|p2a: Landorus|61\/100|[from] Stealth Rock\n|-ability|p2a: Landorus|Intimidate|boost\n|-unboost|p1a: Rotom|atk|1\n|move|p1a: Rotom|Volt Switch|p2a: Landorus\n|-immune|p2a: Landorus\n|\n|-heal|p2a: Landorus|67\/100|[from] item: Leftovers\n|-heal|p1a: Rotom|57\/100|[from] item: Leftovers\n|upkeep\n|turn|19\n|\n|t:|1711936188\n|switch|p2a: Tapu Fini|Tapu Fini|17\/100\n|-damage|p2a: Tapu Fini|4\/100|[from] Stealth Rock\n|move|p1a: Rotom|Hydro Pump|p2a: Tapu Fini|[miss]\n|-miss|p1a: Rotom|p2a: Tapu Fini\n|\n|-damage|p2a: Tapu Fini|0 fnt|[from] item: Black Sludge\n|faint|p2a: Tapu Fini\n|-heal|p1a: Rotom|63\/100|[from] item: Leftovers\n|upkeep\n|\n|t:|1711936193\n|switch|p2a: Tapu Lele|Tapu Lele|76\/100\n|-damage|p2a: Tapu Lele|63\/100|[from] Stealth Rock\n|-fieldstart|move: Psychic Terrain|[from] ability: Psychic Surge|[of] p2a: Tapu Lele\n|turn|20\n|l| venesha\n|l| nudili\n|\n|t:|1711936206\n|switch|p1a: Slowking|Slowking-Galar, M|66\/100\n|-damage|p1a: Slowking|54\/100|[from] Stealth Rock\n|move|p2a: Tapu Lele|Psyshock|p1a: Slowking\n|-damage|p1a: Slowking|0 fnt\n|faint|p1a: Slowking\n|\n|upkeep\n|\n|t:|1711936208\n|switch|p1a: Tyranitar|Tyranitar, M|100\/100\n|-damage|p1a: Tyranitar|88\/100|[from] Stealth Rock\n|-weather|Sandstorm|[from] ability: Sand Stream|[of] p1a: Tyranitar\n|turn|21\n|\n|t:|1711936215\n|switch|p2a: Melmetal|Melmetal|100\/100\n|-damage|p2a: Melmetal|94\/100|[from] Stealth Rock\n|move|p1a: Tyranitar|Crunch|p2a: Melmetal\n|-damage|p2a: Melmetal|55\/100\n|-unboost|p2a: Melmetal|def|1\n|\n|-weather|Sandstorm|[upkeep]\n|-heal|p2a: Melmetal|62\/100|[from] item: Leftovers\n|upkeep\n|turn|22\n|j| nudili\n|\n|t:|1711936224\n|switch|p1a: Rotom|Rotom-Wash|63\/100\n|-damage|p1a: Rotom|51\/100|[from] Stealth Rock\n|move|p2a: Melmetal|Double Iron Bash|p1a: Rotom\n|-resisted|p1a: Rotom\n|-damage|p1a: Rotom|40\/100\n|-resisted|p1a: Rotom\n|-damage|p1a: Rotom|28\/100\n|-hitcount|p1a: Rotom|2\n|\n|-weather|Sandstorm|[upkeep]\n|-damage|p1a: Rotom|22\/100|[from] Sandstorm\n|-heal|p1a: Rotom|28\/100|[from] item: Leftovers\n|-heal|p2a: Melmetal|68\/100|[from] item: Leftovers\n|upkeep\n|turn|23\n|j| whis get the\n|\n|t:|1711936229\n|move|p2a: Melmetal|Protect|p2a: Melmetal\n|-singleturn|p2a: Melmetal|Protect\n|move|p1a: Rotom|Pain Split|p2a: Melmetal\n|-activate|p2a: Melmetal|move: Protect\n|\n|-weather|Sandstorm|[upkeep]\n|-damage|p1a: Rotom|22\/100|[from] Sandstorm\n|-heal|p1a: Rotom|28\/100|[from] item: Leftovers\n|-heal|p2a: Melmetal|74\/100|[from] item: Leftovers\n|upkeep\n|turn|24\n|j| venesha\n|\n|t:|1711936240\n|switch|p2a: Dragapult|Dragapult, F|25\/100\n|-damage|p2a: Dragapult|12\/100|[from] Stealth Rock\n|move|p1a: Rotom|Hydro Pump|p2a: Dragapult\n|-resisted|p2a: Dragapult\n|-damage|p2a: Dragapult|0 fnt\n|faint|p2a: Dragapult\n|\n|-weather|Sandstorm|[upkeep]\n|-damage|p1a: Rotom|22\/100|[from] Sandstorm\n|-heal|p1a: Rotom|28\/100|[from] item: Leftovers\n|-fieldend|move: Psychic Terrain\n|upkeep\n|l| venesha\n|\n|t:|1711936251\n|switch|p2a: Tapu Lele|Tapu Lele|63\/100\n|-damage|p2a: Tapu Lele|51\/100|[from] Stealth Rock\n|-fieldstart|move: Psychic Terrain|[from] ability: Psychic Surge|[of] p2a: Tapu Lele\n|turn|25\n|\n|t:|1711936258\n|move|p2a: Tapu Lele|Moonblast|p1a: Rotom\n|-damage|p1a: Rotom|0 fnt\n|faint|p1a: Rotom\n|\n|-weather|none\n|upkeep\n|\n|t:|1711936262\n|switch|p1a: Clefable|Clefable, M|94\/100\n|turn|26\n|\n|t:|1711936270\n|move|p2a: Tapu Lele|Moonblast|p1a: Clefable\n|-damage|p1a: Clefable|17\/100\n|move|p1a: Clefable|Knock Off|p2a: Tapu Lele\n|-damage|p2a: Tapu Lele|27\/100\n|-enditem|p2a: Tapu Lele|Choice Specs|[from] move: Knock Off|[of] p1a: Clefable\n|\n|upkeep\n|turn|27\n|\n|t:|1711936283\n|move|p2a: Tapu Lele|Moonblast|p1a: Clefable\n|-damage|p1a: Clefable|0 fnt\n|faint|p1a: Clefable\n|\n|upkeep\n|\n|t:|1711936286\n|switch|p1a: Excadrill|Excadrill, M|45\/100\n|-damage|p1a: Excadrill|41\/100|[from] Stealth Rock\n|turn|28\n|l| nudili\n|j| nudili\n|l| whis get the\n|\n|t:|1711936324\n|switch|p2a: Blacephalon|Blacephalon|100\/100\n|-damage|p2a: Blacephalon|76\/100|[from] Stealth Rock\n|move|p1a: Excadrill|Rapid Spin|p2a: Blacephalon\n|-immune|p2a: Blacephalon\n|\n|-heal|p1a: Excadrill|48\/100|[from] item: Leftovers\n|upkeep\n|turn|29\n|inactive|outz u has 270 seconds left.\n|\n|t:|1711936355\n|switch|p2a: Landorus|Landorus-Therian, M|67\/100\n|-damage|p2a: Landorus|54\/100|[from] Stealth Rock\n|-ability|p2a: Landorus|Intimidate|boost\n|-unboost|p1a: Excadrill|atk|1\n|move|p1a: Excadrill|Rapid Spin|p2a: Landorus\n|-damage|p2a: Landorus|41\/100\n|-boost|p1a: Excadrill|spe|1\n|-sideend|p1: orasz soviet|Stealth Rock|[from] move: Rapid Spin|[of] p1a: Excadrill\n|\n|-heal|p1a: Excadrill|54\/100|[from] item: Leftovers\n|-heal|p2a: Landorus|47\/100|[from] item: Leftovers\n|-fieldend|move: Psychic Terrain\n|upkeep\n|turn|30\n|\n|t:|1711936367\n|move|p1a: Excadrill|Swords Dance|p1a: Excadrill\n|-boost|p1a: Excadrill|atk|2\n|move|p2a: Landorus|U-turn|p1a: Excadrill\n|-resisted|p1a: Excadrill\n|-crit|p1a: Excadrill\n|-damage|p1a: Excadrill|26\/100\n|l| nudili\n|j| nudili\n|\n|t:|1711936374\n|switch|p2a: Blacephalon|Blacephalon|76\/100|[from] U-turn\n|-damage|p2a: Blacephalon|51\/100|[from] Stealth Rock\n|\n|-heal|p1a: Excadrill|32\/100|[from] item: Leftovers\n|upkeep\n|turn|31\n|j| whis get the\n|j| venesha\n|\n|t:|1711936382\n|switch|p2a: Landorus|Landorus-Therian, M|47\/100\n|-damage|p2a: Landorus|35\/100|[from] Stealth Rock\n|-ability|p2a: Landorus|Intimidate|boost\n|-unboost|p1a: Excadrill|atk|1\n|move|p1a: Excadrill|Iron Head|p2a: Landorus\n|-damage|p2a: Landorus|0 fnt\n|faint|p2a: Landorus\n|\n|-heal|p1a: Excadrill|38\/100|[from] item: Leftovers\n|upkeep\n|\n|t:|1711936385\n|switch|p2a: Melmetal|Melmetal|74\/100\n|-damage|p2a: Melmetal|68\/100|[from] Stealth Rock\n|turn|32\n|l| nudili\n|inactive|outz u has 270 seconds left.\n|inactive|orasz soviet has 270 seconds left.\n|\n|t:|1711936429\n|switch|p1a: Tangrowth|Tangrowth, M, shiny|78\/100\n|move|p2a: Melmetal|Double Iron Bash|p1a: Tangrowth\n|-damage|p1a: Tangrowth|56\/100\n|-damage|p1a: Tangrowth|31\/100\n|-hitcount|p1a: Tangrowth|2\n|\n|-heal|p2a: Melmetal|74\/100|[from] item: Leftovers\n|upkeep\n|turn|33\n|l| venesha\n|\n|t:|1711936439\n|move|p2a: Melmetal|Protect|p2a: Melmetal\n|-singleturn|p2a: Melmetal|Protect\n|move|p1a: Tangrowth|Sleep Powder|p2a: Melmetal\n|-activate|p2a: Melmetal|move: Protect\n|\n|-heal|p2a: Melmetal|80\/100|[from] item: Leftovers\n|upkeep\n|turn|34\n|l| whis get the\n|inactive|outz u has 270 seconds left.\n|j| nudili\n|\n|t:|1711936459\n|switch|p2a: Blacephalon|Blacephalon|51\/100\n|-damage|p2a: Blacephalon|26\/100|[from] Stealth Rock\n|move|p1a: Tangrowth|Sleep Powder|p2a: Blacephalon\n|-status|p2a: Blacephalon|slp|[from] move: Sleep Powder\n|\n|upkeep\n|turn|35\n|inactive|outz u has 270 seconds left.\n|j| venesha\n|\n|t:|1711936475\n|switch|p1a: Tyranitar|Tyranitar, M|88\/100\n|-weather|Sandstorm|[from] ability: Sand Stream|[of] p1a: Tyranitar\n|cant|p2a: Blacephalon|slp\n|\n|-weather|Sandstorm|[upkeep]\n|-damage|p2a: Blacephalon|20\/100 slp|[from] Sandstorm\n|upkeep\n|turn|36\n|\n|t:|1711936479\n|cant|p2a: Blacephalon|slp\n|move|p1a: Tyranitar|Crunch|p2a: Blacephalon\n|-supereffective|p2a: Blacephalon\n|-damage|p2a: Blacephalon|0 fnt\n|faint|p2a: Blacephalon\n|\n|-weather|Sandstorm|[upkeep]\n|upkeep\n|j| whis get the\n|l| venesha\n|\n|t:|1711936487\n|switch|p2a: Melmetal|Melmetal|80\/100\n|-damage|p2a: Melmetal|74\/100|[from] Stealth Rock\n|turn|37\n|l| nudili\n|inactive|outz u has 270 seconds left.\n|\n|t:|1711936517\n|switch|p1a: Tangrowth|Tangrowth, M, shiny|65\/100\n|move|p2a: Melmetal|Double Iron Bash|p1a: Tangrowth\n|-damage|p1a: Tangrowth|40\/100\n|-damage|p1a: Tangrowth|16\/100\n|-hitcount|p1a: Tangrowth|2\n|\n|-weather|Sandstorm|[upkeep]\n|-damage|p1a: Tangrowth|10\/100|[from] Sandstorm\n|-heal|p2a: Melmetal|80\/100|[from] item: Leftovers\n|upkeep\n|turn|38\n|\n|t:|1711936524\n|move|p2a: Melmetal|Protect|p2a: Melmetal\n|-singleturn|p2a: Melmetal|Protect\n|move|p1a: Tangrowth|Focus Blast|p2a: Melmetal\n|-activate|p2a: Melmetal|move: Protect\n|\n|-weather|Sandstorm|[upkeep]\n|-damage|p1a: Tangrowth|4\/100|[from] Sandstorm\n|-heal|p2a: Melmetal|87\/100|[from] item: Leftovers\n|upkeep\n|turn|39\n|j| venesha\n|\n|t:|1711936534\n|move|p1a: Tangrowth|Focus Blast|p2a: Melmetal|[miss]\n|-miss|p1a: Tangrowth|p2a: Melmetal\n|move|p2a: Melmetal|Double Iron Bash|p1a: Tangrowth\n|-damage|p1a: Tangrowth|0 fnt\n|faint|p1a: Tangrowth\n|-hitcount|p1: Tangrowth|1\n|\n|-weather|none\n|-heal|p2a: Melmetal|93\/100|[from] item: Leftovers\n|upkeep\n|l| venesha\n|\n|t:|1711936543\n|switch|p1a: Tyranitar|Tyranitar, M|88\/100\n|-weather|Sandstorm|[from] ability: Sand Stream|[of] p1a: Tyranitar\n|turn|40\n|l|\u2606orasz soviet\n|inactive|orasz soviet disconnected and has 300 seconds to reconnect!\n|player|p1|\n|j|\u2606orasz soviet\n|inactive|orasz soviet reconnected and has 300 seconds left.\n|player|p1|orasz soviet|ogreclan\n|\n|t:|1711936555\n|move|p2a: Melmetal|Protect|p2a: Melmetal\n|-singleturn|p2a: Melmetal|Protect\n|move|p1a: Tyranitar|Fire Punch|p2a: Melmetal\n|-activate|p2a: Melmetal|move: Protect\n|\n|-weather|Sandstorm|[upkeep]\n|-heal|p2a: Melmetal|99\/100|[from] item: Leftovers\n|upkeep\n|turn|41\n|j| nudili\n|j| venesha\n|c| venesha|save time\n|inactive|outz u has 270 seconds left.\n|l| whis get the\n|\n|t:|1711936605\n|move|p1a: Tyranitar|Fire Punch|p2a: Melmetal\n|-supereffective|p2a: Melmetal\n|-damage|p2a: Melmetal|49\/100\n|move|p2a: Melmetal|Thunder Punch|p1a: Tyranitar\n|-damage|p1a: Tyranitar|55\/100\n|\n|-weather|Sandstorm|[upkeep]\n|-heal|p2a: Melmetal|55\/100|[from] item: Leftovers\n|upkeep\n|turn|42\n|inactive|outz u has 240 seconds left.\n|j| whis get the\n|l| venesha\n|\n|t:|1711936631\n|switch|p1a: Excadrill|Excadrill, M|38\/100\n|move|p2a: Melmetal|Protect||[still]\n|-fail|p2a: Melmetal\n|\n|-weather|Sandstorm|[upkeep]\n|-heal|p1a: Excadrill|44\/100|[from] item: Leftovers\n|-heal|p2a: Melmetal|62\/100|[from] item: Leftovers\n|upkeep\n|turn|43\n|inactive|outz u has 240 seconds left.\n|\n|t:|1711936640\n|move|p2a: Melmetal|Protect|p2a: Melmetal\n|-singleturn|p2a: Melmetal|Protect\n|move|p1a: Excadrill|Earthquake|p2a: Melmetal\n|-activate|p2a: Melmetal|move: Protect\n|\n|-weather|Sandstorm|[upkeep]\n|-heal|p1a: Excadrill|50\/100|[from] item: Leftovers\n|-heal|p2a: Melmetal|68\/100|[from] item: Leftovers\n|upkeep\n|turn|44\n|inactive|outz u has 240 seconds left.\n|l| whis get the\n|\n|t:|1711936676\n|move|p1a: Excadrill|Earthquake|p2a: Melmetal\n|-supereffective|p2a: Melmetal\n|-damage|p2a: Melmetal|0 fnt\n|faint|p2a: Melmetal\n|\n|-weather|none\n|-heal|p1a: Excadrill|56\/100|[from] item: Leftovers\n|upkeep\n|\n|t:|1711936679\n|switch|p2a: Tapu Lele|Tapu Lele|27\/100\n|-damage|p2a: Tapu Lele|15\/100|[from] Stealth Rock\n|-fieldstart|move: Psychic Terrain|[from] ability: Psychic Surge|[of] p2a: Tapu Lele\n|turn|45\n|l| nudili\n|\n|t:|1711936693\n|switch|p1a: Tyranitar|Tyranitar, M|55\/100\n|-weather|Sandstorm|[from] ability: Sand Stream|[of] p1a: Tyranitar\n|move|p2a: Tapu Lele|Thunderbolt|p1a: Tyranitar\n|-damage|p1a: Tyranitar|33\/100\n|\n|-weather|Sandstorm|[upkeep]\n|-damage|p2a: Tapu Lele|9\/100|[from] Sandstorm\n|upkeep\n|turn|46\n|\n|t:|1711936697\n|move|p2a: Tapu Lele|Moonblast|p1a: Tyranitar\n|-supereffective|p1a: Tyranitar\n|-damage|p1a: Tyranitar|0 fnt\n|faint|p1a: Tyranitar\n|\n|-weather|Sandstorm|[upkeep]\n|-damage|p2a: Tapu Lele|3\/100|[from] Sandstorm\n|upkeep\n|j| nudili\n|\n|t:|1711936702\n|switch|p1a: Excadrill|Excadrill, M|56\/100\n|turn|47\n|\n|t:|1711936703\n|move|p1a: Excadrill|Rapid Spin|p2a: Tapu Lele\n|-damage|p2a: Tapu Lele|0 fnt\n|-boost|p1a: Excadrill|spe|1\n|faint|p2a: Tapu Lele\n|\n|win|orasz soviet\n|l| nudili\n|j| whis get the\n|l| whis get the\n|l|\u2606outz u\n|player|p2|\n|l|\u2606orasz soviet\n|player|p1|\n|j|\u2606orasz soviet\n|player|p1|orasz soviet|ogreclan\n|l|\u2606orasz soviet\n|player|p1|\n|j|\u2606orasz soviet\n|player|p1|orasz soviet|ogreclan\n","uploadtime":1711936705,"views":35,"formatid":"gen8ou","rating":null,"private":0,"password":null}