{"id":"gen8ou-2093303126","format":"[Gen 8] OU","players":["outz u","orasz soviet"],"log":"|raw|<div class=\"broadcast-blue\"><strong>This battle is required to be public due to a player having a name starting with 'orasz'.<\/div>\n|j|\u2606outz u\n|j|\u2606orasz soviet\n|t:|1711936774\n|gametype|singles\n|player|p1|outz u|101|\n|player|p2|orasz soviet|ogreclan|\n|teamsize|p1|6\n|teamsize|p2|6\n|gen|8\n|tier|[Gen 8] OU\n|rule|Sleep Clause Mod: Limit one foe put to sleep\n|rule|Species Clause: Limit one of each Pok\u00e9mon\n|rule|OHKO Clause: OHKO moves are banned\n|rule|Evasion Items Clause: Evasion items are banned\n|rule|Evasion Moves Clause: Evasion moves are banned\n|rule|Endless Battle Clause: Forcing endless battles is banned\n|rule|HP Percentage Mod: HP is shown in percentages\n|rule|Dynamax Clause: You cannot dynamax\n|clearpoke\n|poke|p1|Zapdos|\n|poke|p1|Toxapex, F|\n|poke|p1|Landorus-Therian, M|\n|poke|p1|Weavile, F|\n|poke|p1|Slowking-Galar, F|\n|poke|p1|Scizor, F|\n|poke|p2|Ribombee, M|\n|poke|p2|Bisharp, F|\n|poke|p2|Excadrill, M|\n|poke|p2|Blacephalon|\n|poke|p2|Kommo-o, F|\n|poke|p2|Azumarill, F|\n|teampreview\n|inactive|Battle timer is ON: inactive players will automatically lose when time's up. (requested by orasz soviet)\n|j| whis get the\n|j| EROTIC BARBER\n|l| whis get the\n|j| nudili\n|inactive|outz u has 270 seconds left.\n|l| EROTIC BARBER\n|\n|t:|1711936808\n|start\n|switch|p1a: Weavile|Weavile, F|100\/100\n|switch|p2a: Ribombee|Ribombee, M|100\/100\n|-ability|p1a: Weavile|Pressure\n|turn|1\n|j| EROTIC BARBER\n|l| EROTIC BARBER\n|l| nudili\n|j| whis get the\n|j| EROTIC BARBER\n|\n|t:|1711936837\n|switch|p2a: Bisharp|Bisharp, F|100\/100\n|-item|p2a: Bisharp|Air Balloon\n|move|p1a: Weavile|Triple Axel|p2a: Bisharp\n|-resisted|p2a: Bisharp\n|-damage|p2a: Bisharp|91\/100\n|-enditem|p2a: Bisharp|Air Balloon\n|-resisted|p2a: Bisharp\n|-crit|p2a: Bisharp\n|-damage|p2a: Bisharp|62\/100\n|-resisted|p2a: Bisharp\n|-damage|p2a: Bisharp|34\/100\n|-hitcount|p2a: Bisharp|3\n|\n|upkeep\n|turn|2\n|l| EROTIC BARBER\n|\n|t:|1711936846\n|move|p1a: Weavile|Triple Axel|p2a: Bisharp\n|-resisted|p2a: Bisharp\n|-damage|p2a: Bisharp|25\/100\n|-resisted|p2a: Bisharp\n|-damage|p2a: Bisharp|7\/100\n|-resisted|p2a: Bisharp\n|-damage|p2a: Bisharp|0 fnt\n|faint|p2a: Bisharp\n|-hitcount|p2: Bisharp|3\n|\n|upkeep\n|l| whis get the\n|j| nudili\n|\n|t:|1711936849\n|switch|p2a: Blacephalon|Blacephalon|100\/100\n|turn|3\n|l| nudili\n|j| BEAAKVOLT\n|inactive|outz u has 270 seconds left.\n|j| EROTIC BARBER\n|j| whis get the\n|\n|t:|1711936884\n|switch|p1a: Toxapex|Toxapex, F|100\/100\n|move|p2a: Blacephalon|Shadow Ball|p1a: Toxapex\n|-damage|p1a: Toxapex|45\/100\n|-unboost|p1a: Toxapex|spd|1\n|-enditem|p1a: Toxapex|Eject Button\n|\n|t:|1711936887\n|switch|p1a: Weavile|Weavile, F|100\/100\n|-ability|p1a: Weavile|Pressure\n|\n|upkeep\n|turn|4\n|l| EROTIC BARBER\n|inactive|outz u has 270 seconds left.\n|\n|t:|1711936904\n|move|p1a: Weavile|Triple Axel|p2a: Blacephalon\n|-resisted|p2a: Blacephalon\n|-damage|p2a: Blacephalon|85\/100\n|-resisted|p2a: Blacephalon\n|-damage|p2a: Blacephalon|52\/100\n|-resisted|p2a: Blacephalon\n|-damage|p2a: Blacephalon|3\/100\n|-hitcount|p2a: Blacephalon|3\n|move|p2a: Blacephalon|Shadow Ball|p1a: Weavile\n|-resisted|p1a: Weavile\n|-damage|p1a: Weavile|48\/100\n|\n|upkeep\n|turn|5\n|\n|t:|1711936910\n|move|p1a: Weavile|Triple Axel|p2a: Blacephalon\n|-resisted|p2a: Blacephalon\n|-damage|p2a: Blacephalon|0 fnt\n|faint|p2a: Blacephalon\n|-hitcount|p2: Blacephalon|1\n|\n|upkeep\n|l| whis get the\n|j| whis get the\n|inactive|orasz soviet has 270 seconds left.\n|j| EROTIC BARBER\n|l| whis get the\n|inactive|orasz soviet has 240 seconds left.\n|l| EROTIC BARBER\n|\n|t:|1711936976\n|switch|p2a: Azumarill|Azumarill, F|100\/100\n|turn|6\n|inactive|orasz soviet has 240 seconds left.\n|j| whis get the\n|\n|t:|1711936985\n|move|p1a: Weavile|Triple Axel|p2a: Azumarill\n|-resisted|p2a: Azumarill\n|-damage|p2a: Azumarill|92\/100\n|-resisted|p2a: Azumarill\n|-damage|p2a: Azumarill|75\/100\n|-resisted|p2a: Azumarill\n|-damage|p2a: Azumarill|48\/100\n|-enditem|p2a: Azumarill|Sitrus Berry|[eat]\n|-heal|p2a: Azumarill|73\/100|[from] item: Sitrus Berry\n|-hitcount|p2a: Azumarill|3\n|move|p2a: Azumarill|Belly Drum|p2a: Azumarill\n|-damage|p2a: Azumarill|23\/100\n|-setboost|p2a: Azumarill|atk|6|[from] move: Belly Drum\n|\n|upkeep\n|turn|7\n|l| whis get the\n|j| EROTIC BARBER\n|j| whis get the\n|inactive|outz u has 270 seconds left.\n|inactive|orasz soviet has 240 seconds left.\n|l| EROTIC BARBER\n|l| whis get the\n|inactive|outz u has 240 seconds left.\n|j| whis get the\n|l| whis get the\n|inactive|orasz soviet has 210 seconds left.\n|inactive|outz u has 210 seconds left.\n|inactive|outz u has 180 seconds left.\n|\n|t:|1711937123\n|switch|p1a: Zapdos|Zapdos|100\/100\n|-ability|p1a: Zapdos|Pressure\n|move|p2a: Azumarill|Knock Off|p1a: Zapdos\n|-damage|p1a: Zapdos|0 fnt\n|-enditem|p1a: Zapdos|Metronome|[from] move: Knock Off|[of] p2a: Azumarill\n|faint|p1a: Zapdos\n|\n|upkeep\n|j| EROTIC BARBER\n|\n|t:|1711937137\n|switch|p1a: Scizor|Scizor, F|100\/100\n|turn|8\n|l| EROTIC BARBER\n|\n|t:|1711937141\n|switch|p2a: Excadrill|Excadrill, M|100\/100\n|-ability|p2a: Excadrill|Mold Breaker\n|move|p1a: Scizor|Bullet Punch|p2a: Excadrill\n|-resisted|p2a: Excadrill\n|-damage|p2a: Excadrill|82\/100\n|\n|upkeep\n|turn|9\n|\n|t:|1711937148\n|move|p2a: Excadrill|Stealth Rock|p1a: Scizor\n|-sidestart|p1: outz u|move: Stealth Rock\n|move|p1a: Scizor|U-turn|p2a: Excadrill\n|-resisted|p2a: Excadrill\n|-damage|p2a: Excadrill|60\/100\n|j| EROTIC BARBER\n|l| EROTIC BARBER\n|\n|t:|1711937167\n|switch|p1a: Landorus|Landorus-Therian, M|100\/100|[from] U-turn\n|-damage|p1a: Landorus|88\/100|[from] Stealth Rock\n|-ability|p1a: Landorus|Intimidate|boost\n|-unboost|p2a: Excadrill|atk|1\n|\n|-heal|p1a: Landorus|94\/100|[from] item: Leftovers\n|upkeep\n|turn|10\n|inactive|orasz soviet has 240 seconds left.\n|j| whis get the\n|\n|t:|1711937196\n|switch|p2a: Ribombee|Ribombee, M|100\/100\n|move|p1a: Landorus|Defog|p2a: Ribombee\n|-unboost|p2a: Ribombee|evasion|1\n|-sideend|p1: outz u|Stealth Rock|[from] move: Defog|[of] p1a: Landorus\n|\n|-heal|p1a: Landorus|99\/100|[from] item: Leftovers\n|upkeep\n|turn|11\n|l| whis get the\n|l| BEAAKVOLT\n|inactive|outz u has 150 seconds left.\n|j| whis get the\n|j| BEAAKVOLT\n|j| EROTIC BARBER\n|inactive|orasz soviet has 210 seconds left.\n|l| whis get the\n|l| EROTIC BARBER\n|\n|t:|1711937247\n|move|p2a: Ribombee|Sticky Web|p1a: Landorus\n|-sidestart|p1: outz u|move: Sticky Web\n|move|p1a: Landorus|Toxic|p2a: Ribombee\n|-status|p2a: Ribombee|tox\n|\n|-heal|p1a: Landorus|100\/100|[from] item: Leftovers\n|-damage|p2a: Ribombee|94\/100 tox|[from] psn\n|upkeep\n|turn|12\n|inactive|outz u has 150 seconds left.\n|\n|t:|1711937260\n|move|p2a: Ribombee|Moonblast|p1a: Landorus\n|-damage|p1a: Landorus|68\/100\n|move|p1a: Landorus|Earthquake|p2a: Ribombee\n|-resisted|p2a: Ribombee\n|-damage|p2a: Ribombee|48\/100 tox\n|\n|-heal|p1a: Landorus|74\/100|[from] item: Leftovers\n|-damage|p2a: Ribombee|36\/100 tox|[from] psn\n|upkeep\n|turn|13\n|\n|t:|1711937267\n|move|p2a: Ribombee|Moonblast|p1a: Landorus\n|-damage|p1a: Landorus|44\/100\n|move|p1a: Landorus|Defog|p2a: Ribombee\n|-unboost|p2a: Ribombee|evasion|1\n|-sideend|p1: outz u|Sticky Web|[from] move: Defog|[of] p1a: Landorus\n|\n|-heal|p1a: Landorus|50\/100|[from] item: Leftovers\n|-damage|p2a: Ribombee|18\/100 tox|[from] psn\n|upkeep\n|turn|14\n|\n|t:|1711937277\n|move|p2a: Ribombee|Moonblast|p1a: Landorus\n|-damage|p1a: Landorus|19\/100\n|move|p1a: Landorus|Defog|p2a: Ribombee\n|-unboost|p2a: Ribombee|evasion|1\n|\n|-heal|p1a: Landorus|25\/100|[from] item: Leftovers\n|-damage|p2a: Ribombee|0 fnt|[from] psn\n|faint|p2a: Ribombee\n|upkeep\n|j| whis get the\n|inactive|orasz soviet has 210 seconds left.\n|\n|t:|1711937303\n|switch|p2a: Azumarill|Azumarill, F|23\/100\n|turn|15\n|\n|t:|1711937318\n|switch|p1a: Toxapex|Toxapex, F|78\/100\n|move|p2a: Azumarill|Aqua Jet|p1a: Toxapex\n|-resisted|p1a: Toxapex\n|-damage|p1a: Toxapex|69\/100\n|\n|upkeep\n|turn|16\n|l| whis get the\n|\n|t:|1711937324\n|move|p2a: Azumarill|Knock Off|p1a: Toxapex\n|-damage|p1a: Toxapex|51\/100\n|move|p1a: Toxapex|Scald|p2a: Azumarill\n|-resisted|p2a: Azumarill\n|-damage|p2a: Azumarill|14\/100\n|\n|upkeep\n|turn|17\n|\n|t:|1711937328\n|move|p2a: Azumarill|Knock Off|p1a: Toxapex\n|-damage|p1a: Toxapex|33\/100\n|move|p1a: Toxapex|Recover|p1a: Toxapex\n|-heal|p1a: Toxapex|83\/100\n|\n|upkeep\n|turn|18\n|inactive|outz u has 180 seconds left.\n|\n|t:|1711937369\n|switch|p2a: Excadrill|Excadrill, M|60\/100\n|-ability|p2a: Excadrill|Mold Breaker\n|move|p1a: Toxapex|Scald|p2a: Excadrill\n|-supereffective|p2a: Excadrill\n|-damage|p2a: Excadrill|22\/100\n|\n|upkeep\n|turn|19\n|inactive|outz u has 150 seconds left.\n|\n|t:|1711937395\n|switch|p1a: Landorus|Landorus-Therian, M|25\/100\n|-ability|p1a: Landorus|Intimidate|boost\n|-unboost|p2a: Excadrill|atk|1\n|move|p2a: Excadrill|Stealth Rock|p1a: Landorus\n|-sidestart|p1: outz u|move: Stealth Rock\n|\n|-heal|p1a: Landorus|31\/100|[from] item: Leftovers\n|upkeep\n|turn|20\n|\n|t:|1711937404\n|move|p2a: Excadrill|Rock Tomb|p1a: Landorus\n|-damage|p1a: Landorus|17\/100\n|-unboost|p1a: Landorus|spe|1\n|move|p1a: Landorus|Defog|p2a: Excadrill\n|-unboost|p2a: Excadrill|evasion|1\n|-sideend|p1: outz u|Stealth Rock|[from] move: Defog|[of] p1a: Landorus\n|\n|-heal|p1a: Landorus|23\/100|[from] item: Leftovers\n|upkeep\n|turn|21\n|inactive|outz u has 150 seconds left.\n|\n|t:|1711937409\n|move|p2a: Excadrill|Stealth Rock|p1a: Landorus\n|-sidestart|p1: outz u|move: Stealth Rock\n|move|p1a: Landorus|Defog|p2a: Excadrill\n|-unboost|p2a: Excadrill|evasion|1\n|-sideend|p1: outz u|Stealth Rock|[from] move: Defog|[of] p1a: Landorus\n|\n|-heal|p1a: Landorus|29\/100|[from] item: Leftovers\n|upkeep\n|turn|22\n|\n|t:|1711937415\n|move|p2a: Excadrill|Stealth Rock|p1a: Landorus\n|-sidestart|p1: outz u|move: Stealth Rock\n|move|p1a: Landorus|Defog|p2a: Excadrill\n|-unboost|p2a: Excadrill|evasion|1\n|-sideend|p1: outz u|Stealth Rock|[from] move: Defog|[of] p1a: Landorus\n|\n|-heal|p1a: Landorus|35\/100|[from] item: Leftovers\n|upkeep\n|turn|23\n|\n|t:|1711937418\n|move|p2a: Excadrill|Rock Tomb|p1a: Landorus\n|-damage|p1a: Landorus|20\/100\n|-unboost|p1a: Landorus|spe|1\n|move|p1a: Landorus|Defog|p2a: Excadrill\n|-unboost|p2a: Excadrill|evasion|1\n|\n|-heal|p1a: Landorus|26\/100|[from] item: Leftovers\n|upkeep\n|turn|24\n|\n|t:|1711937421\n|move|p2a: Excadrill|Rock Tomb|p1a: Landorus\n|-damage|p1a: Landorus|12\/100\n|-unboost|p1a: Landorus|spe|1\n|move|p1a: Landorus|Defog|p2a: Excadrill\n|-unboost|p2a: Excadrill|evasion|1\n|\n|-heal|p1a: Landorus|18\/100|[from] item: Leftovers\n|upkeep\n|turn|25\n|\n|t:|1711937425\n|move|p2a: Excadrill|Rock Tomb|p1a: Landorus\n|-damage|p1a: Landorus|4\/100\n|-unboost|p1a: Landorus|spe|1\n|move|p1a: Landorus|U-turn|p2a: Excadrill\n|-resisted|p2a: Excadrill\n|-damage|p2a: Excadrill|7\/100\n|\n|t:|1711937427\n|switch|p1a: Weavile|Weavile, F|48\/100|[from] U-turn\n|-ability|p1a: Weavile|Pressure\n|\n|upkeep\n|turn|26\n|inactive|outz u has 180 seconds left.\n|\n|t:|1711937460\n|move|p1a: Weavile|Ice Shard|p2a: Excadrill\n|-damage|p2a: Excadrill|0 fnt\n|faint|p2a: Excadrill\n|\n|upkeep\n|\n|t:|1711937466\n|switch|p2a: Kommo-o|Kommo-o, F|100\/100\n|turn|27\n|inactive|outz u has 180 seconds left.\n|\n|t:|1711937475\n|move|p1a: Weavile|Ice Shard|p2a: Kommo-o\n|-supereffective|p2a: Kommo-o\n|-damage|p2a: Kommo-o|46\/100\n|move|p2a: Kommo-o|Flamethrower|p1a: Weavile\n|-supereffective|p1a: Weavile\n|-damage|p1a: Weavile|0 fnt\n|faint|p1a: Weavile\n|\n|upkeep\n|inactive|outz u has 180 seconds left.\n|\n|t:|1711937483\n|switch|p1a: Slowking|Slowking-Galar, F|100\/100\n|turn|28\n|\n|t:|1711937487\n|switch|p2a: Azumarill|Azumarill, F|14\/100\n|move|p1a: Slowking|Future Sight|p2a: Azumarill\n|-start|p1a: Slowking|move: Future Sight\n|\n|upkeep\n|turn|29\n|c|\u2606outz u|gg\n|\n|t:|1711937498\n|switch|p1a: Toxapex|Toxapex, F|100\/100\n|move|p2a: Azumarill|Knock Off|p1a: Toxapex\n|-damage|p1a: Toxapex|83\/100\n|\n|upkeep\n|turn|30\n|\n|t:|1711937506\n|switch|p1a: Landorus|Landorus-Therian, M|4\/100\n|-ability|p1a: Landorus|Intimidate|boost\n|-unboost|p2a: Azumarill|atk|1\n|move|p2a: Azumarill|Knock Off|p1a: Landorus\n|-damage|p1a: Landorus|0 fnt\n|-enditem|p1a: Landorus|Leftovers|[from] move: Knock Off|[of] p2a: Azumarill\n|faint|p1a: Landorus\n|\n|-end|p2a: Azumarill|move: Future Sight\n|-damage|p2a: Azumarill|0 fnt\n|faint|p2a: Azumarill\n|upkeep\n|\n|t:|1711937510\n|switch|p2a: Kommo-o|Kommo-o, F|46\/100\n|switch|p1a: Slowking|Slowking-Galar, F|100\/100\n|turn|31\n|\n|t:|1711937512\n|move|p2a: Kommo-o|Clangorous Soul|p2a: Kommo-o\n|-boost|p2a: Kommo-o|atk|1\n|-boost|p2a: Kommo-o|def|1\n|-boost|p2a: Kommo-o|spa|1\n|-boost|p2a: Kommo-o|spd|1\n|-boost|p2a: Kommo-o|spe|1\n|-damage|p2a: Kommo-o|13\/100\n|-enditem|p2a: Kommo-o|Throat Spray\n|-boost|p2a: Kommo-o|spa|1|[from] item: Throat Spray\n|move|p1a: Slowking|Future Sight|p2a: Kommo-o\n|-start|p1a: Slowking|move: Future Sight\n|\n|upkeep\n|turn|32\n|\n|t:|1711937521\n|move|p2a: Kommo-o|Clanging Scales|p1a: Slowking\n|-damage|p1a: Slowking|48\/100\n|-unboost|p2a: Kommo-o|def|1\n|move|p1a: Slowking|Earthquake|p2a: Kommo-o\n|-damage|p2a: Kommo-o|0 fnt\n|faint|p2a: Kommo-o\n|\n|win|outz u\n|l|\u2606orasz soviet\n|player|p2|\n","uploadtime":1711937527,"views":21,"formatid":"gen8ou","rating":null,"private":0,"password":null}