{"id":"gen8ou-2093347515","format":"[Gen 8] OU","players":["overiron","Omeraranger"],"log":"|j|\u2606overiron\n|j|\u2606Omeraranger\n|t:|1711942499\n|gametype|singles\n|player|p1|overiron|dawn|1370\n|player|p2|Omeraranger|102|1061\n|teamsize|p1|6\n|teamsize|p2|6\n|gen|8\n|tier|[Gen 8] OU\n|rated|\n|rule|Sleep Clause Mod: Limit one foe put to sleep\n|rule|Species Clause: Limit one of each Pok\u00e9mon\n|rule|OHKO Clause: OHKO moves are banned\n|rule|Evasion Items Clause: Evasion items are banned\n|rule|Evasion Moves Clause: Evasion moves are banned\n|rule|Endless Battle Clause: Forcing endless battles is banned\n|rule|HP Percentage Mod: HP is shown in percentages\n|rule|Dynamax Clause: You cannot dynamax\n|clearpoke\n|poke|p1|Garchomp, F|\n|poke|p1|Melmetal|\n|poke|p1|Blissey, F|\n|poke|p1|Zapdos|\n|poke|p1|Tapu Koko|\n|poke|p1|Hawlucha, F|\n|poke|p2|Latias, F|\n|poke|p2|Mew|\n|poke|p2|Dragonite, M|\n|poke|p2|Zeraora|\n|poke|p2|Tapu Fini|\n|poke|p2|Regieleki|\n|teampreview\n|inactive|Battle timer is ON: inactive players will automatically lose when time's up. (requested by overiron)\n|\n|t:|1711942511\n|start\n|switch|p1a: Tapu Koko|Tapu Koko|100\/100\n|switch|p2a: Tapu Fini|Tapu Fini|100\/100\n|-fieldstart|move: Electric Terrain|[from] ability: Electric Surge|[of] p1a: Tapu Koko\n|-fieldstart|move: Misty Terrain|[from] ability: Misty Surge|[of] p2a: Tapu Fini\n|turn|1\n|\n|t:|1711942528\n|move|p1a: Tapu Koko|Dazzling Gleam|p2a: Tapu Fini\n|-damage|p2a: Tapu Fini|60\/100\n|move|p2a: Tapu Fini|Trick|p1a: Tapu Koko\n|-activate|p2a: Tapu Fini|move: Trick|[of] p1a: Tapu Koko\n|-item|p1a: Tapu Koko|Black Sludge|[from] move: Trick\n|-item|p2a: Tapu Fini|Choice Specs|[from] move: Trick\n|\n|-damage|p1a: Tapu Koko|88\/100|[from] item: Black Sludge\n|upkeep\n|turn|2\n|\n|t:|1711942543\n|switch|p1a: Melmetal|Melmetal|100\/100\n|move|p2a: Tapu Fini|Calm Mind|p2a: Tapu Fini\n|-boost|p2a: Tapu Fini|spa|1\n|-boost|p2a: Tapu Fini|spd|1\n|\n|upkeep\n|turn|3\n|\n|t:|1711942560\n|switch|p2a: Dragonite|Dragonite, M|100\/100\n|move|p1a: Melmetal|Earthquake|p2a: Dragonite\n|-immune|p2a: Dragonite\n|\n|upkeep\n|turn|4\n|\n|t:|1711942567\n|move|p2a: Dragonite|Dragon Dance|p2a: Dragonite\n|-boost|p2a: Dragonite|atk|1\n|-boost|p2a: Dragonite|spe|1\n|move|p1a: Melmetal|Ice Punch|p2a: Dragonite\n|-supereffective|p2a: Dragonite\n|-damage|p2a: Dragonite|52\/100\n|-damage|p1a: Melmetal|84\/100|[from] item: Rocky Helmet|[of] p2a: Dragonite\n|\n|upkeep\n|turn|5\n|\n|t:|1711942580\n|switch|p2a: Tapu Fini|Tapu Fini|60\/100\n|move|p1a: Melmetal|Ice Punch|p2a: Tapu Fini\n|-resisted|p2a: Tapu Fini\n|-damage|p2a: Tapu Fini|48\/100\n|\n|-fieldend|Misty Terrain\n|upkeep\n|turn|6\n|\n|t:|1711942588\n|switch|p1a: Tapu Koko|Tapu Koko|88\/100\n|-fieldstart|move: Electric Terrain|[from] ability: Electric Surge|[of] p1a: Tapu Koko\n|move|p2a: Tapu Fini|Trick|p1a: Tapu Koko\n|-activate|p2a: Tapu Fini|move: Trick|[of] p1a: Tapu Koko\n|-item|p1a: Tapu Koko|Choice Specs|[from] move: Trick\n|-item|p2a: Tapu Fini|Black Sludge|[from] move: Trick\n|\n|-damage|p2a: Tapu Fini|36\/100|[from] item: Black Sludge\n|upkeep\n|turn|7\n|\n|t:|1711942603\n|move|p1a: Tapu Koko|Dazzling Gleam|p2a: Tapu Fini\n|-crit|p2a: Tapu Fini\n|-damage|p2a: Tapu Fini|0 fnt\n|faint|p2a: Tapu Fini\n|\n|upkeep\n|\n|t:|1711942610\n|switch|p2a: Latias|Latias, F|100\/100\n|turn|8\n|\n|t:|1711942614\n|move|p1a: Tapu Koko|Dazzling Gleam|p2a: Latias\n|-supereffective|p2a: Latias\n|-damage|p2a: Latias|13\/100\n|move|p2a: Latias|Light Screen|p2a: Latias\n|-sidestart|p2: Omeraranger|move: Light Screen\n|\n|-heal|p2a: Latias|19\/100|[from] item: Leftovers\n|upkeep\n|turn|9\n|-message|Omeraranger forfeited.\n|\n|win|overiron\n|raw|overiron's rating: 1370 &rarr; <strong>1376<\/strong><br \/>(+6 for winning)\n|raw|Omeraranger's rating: 1061 &rarr; <strong>1055<\/strong><br \/>(-6 for losing)\n|l|\u2606Omeraranger\n|player|p2|\n","uploadtime":1711942626,"views":1,"formatid":"gen8ou","rating":1055,"private":0,"password":null}