{"id":"gen8ou-2093304350","format":"[Gen 8] OU","players":["Team Bonir","Sunbracers"],"log":"|j|\u2606Team Bonir\n|j|\u2606Sunbracers\n|t:|1711936924\n|gametype|singles\n|player|p1|Team Bonir|acerola|\n|player|p2|Sunbracers|hiker-gen4|\n|teamsize|p1|6\n|teamsize|p2|6\n|gen|8\n|tier|[Gen 8] OU\n|rule|Sleep Clause Mod: Limit one foe put to sleep\n|rule|Species Clause: Limit one of each Pok\u00e9mon\n|rule|OHKO Clause: OHKO moves are banned\n|rule|Evasion Items Clause: Evasion items are banned\n|rule|Evasion Moves Clause: Evasion moves are banned\n|rule|Endless Battle Clause: Forcing endless battles is banned\n|rule|HP Percentage Mod: HP is shown in percentages\n|rule|Dynamax Clause: You cannot dynamax\n|clearpoke\n|poke|p1|Dragapult, M|\n|poke|p1|Urshifu-*, M|\n|poke|p1|Clefable, M|\n|poke|p1|Corviknight, M|\n|poke|p1|Weavile, M|\n|poke|p1|Landorus-Therian, M|\n|poke|p2|Blissey, F|\n|poke|p2|Tornadus-Therian, M|\n|poke|p2|Gastrodon, F|\n|poke|p2|Clefable, M|\n|poke|p2|Ferrothorn, M|\n|poke|p2|Ditto|\n|teampreview\n|inactive|Battle timer is ON: inactive players will automatically lose when time's up. (requested by Team Bonir)\n|inactive|Sunbracers also wants the timer to be on.\n|c|\u2606Team Bonir|dude\n|c|\u2606Sunbracers|what\n|\n|t:|1711936941\n|start\n|switch|p1a: Landorus|Landorus-Therian, M|100\/100\n|switch|p2a: Clefable|Clefable, M|100\/100\n|-ability|p1a: Landorus|Intimidate|boost\n|-unboost|p2a: Clefable|atk|1\n|turn|1\n|\n|t:|1711936945\n|move|p1a: Landorus|Stealth Rock|p2a: Clefable\n|-sidestart|p2: Sunbracers|move: Stealth Rock\n|move|p2a: Clefable|Stealth Rock|p1a: Landorus\n|-sidestart|p1: Team Bonir|move: Stealth Rock\n|\n|upkeep\n|turn|2\n|c|\u2606Sunbracers|GOOD TURN\n|\n|t:|1711936954\n|move|p1a: Landorus|U-turn|p2a: Clefable\n|-resisted|p2a: Clefable\n|-damage|p2a: Clefable|92\/100\n|-damage|p1a: Landorus|84\/100|[from] item: Rocky Helmet|[of] p2a: Clefable\n|c|\u2606Team Bonir|HELMET CLEF\n|c|\u2606Team Bonir|DIE\n|\n|t:|1711936964\n|switch|p1a: Clefable|Clefable, M|100\/100|[from] U-turn\n|move|p2a: Clefable|Knock Off|p1a: Clefable\n|-resisted|p1a: Clefable\n|-damage|p1a: Clefable|96\/100\n|-enditem|p1a: Clefable|Leftovers|[from] move: Knock Off|[of] p2a: Clefable\n|\n|upkeep\n|turn|3\n|c|\u2606Sunbracers|idk this team man i havent used it in forever\n|c|\u2606Team Bonir|neither have i\n|c|\u2606Team Bonir|but like\n|c|\u2606Team Bonir|i love this team\n|inactive|Sunbracers has 270 seconds left.\n|\n|t:|1711936996\n|switch|p2a: Blissey|Blissey, F|100\/100\n|move|p1a: Clefable|Knock Off|p2a: Blissey\n|-damage|p2a: Blissey|88\/100\n|-enditem|p2a: Blissey|Heavy-Duty Boots|[from] move: Knock Off|[of] p1a: Clefable\n|\n|upkeep\n|turn|4\n|c|\u2606Team Bonir|good turn\n|inactive|Sunbracers has 270 seconds left.\n|\n|t:|1711937013\n|switch|p1a: Corviknight|Corviknight, M|100\/100\n|-damage|p1a: Corviknight|88\/100|[from] Stealth Rock\n|-ability|p1a: Corviknight|Pressure\n|move|p2a: Blissey|Thunder Wave|p1a: Corviknight\n|-status|p1a: Corviknight|par\n|\n|upkeep\n|turn|5\n|inactive|Sunbracers has 270 seconds left.\n|c|\u2606Team Bonir|i wanted to go lando\n|c|\u2606Team Bonir|im ass\n|c|\u2606Sunbracers|True...\n|\n|t:|1711937034\n|switch|p2a: Ditto|Ditto, shiny|100\/100\n|-damage|p2a: Ditto|88\/100|[from] Stealth Rock\n|-transform|p2a: Ditto|p1a: Corviknight|[from] ability: Imposter\n|-ability|p2a: Ditto|Pressure\n|move|p1a: Corviknight|U-turn|p2a: Ditto\n|-resisted|p2a: Ditto\n|-damage|p2a: Ditto|85\/100\n|\n|t:|1711937040\n|switch|p1a: Dragapult|Dragapult, M|100\/100|[from] U-turn\n|-damage|p1a: Dragapult|88\/100|[from] Stealth Rock\n|\n|upkeep\n|turn|6\n|\n|t:|1711937047\n|move|p1a: Dragapult|U-turn|p2a: Ditto\n|-resisted|p2a: Ditto\n|-damage|p2a: Ditto|82\/100\n|c|\u2606Team Bonir|Ok Bro\n|c|\u2606Sunbracers|is that fucking scarf pult\n|c|\u2606Sunbracers|wait\n|c|\u2606Team Bonir|bro\n|c|\u2606Team Bonir|youre just slow as balls\n|\n|t:|1711937064\n|switch|p1a: Clefable|Clefable, M|96\/100|[from] U-turn\n|move|p2a: Ditto|U-turn|p1a: Clefable\n|-resisted|p1a: Clefable\n|-damage|p1a: Clefable|90\/100\n|c|\u2606Sunbracers|wait no pult just outspeeds scarf corv my bad\n|inactive|Sunbracers has 270 seconds left.\n|\n|t:|1711937079\n|switch|p2a: Blissey|Blissey, F|88\/100|[from] U-turn\n|-damage|p2a: Blissey|75\/100|[from] Stealth Rock\n|\n|upkeep\n|turn|7\n|inactive|Sunbracers has 270 seconds left.\n|c|\u2606Sunbracers|7 turns and nothing has happened bro\n|inactive|Team Bonir has 270 seconds left.\n|\n|t:|1711937109\n|switch|p1a: Corviknight|Corviknight, M|88\/100 par\n|-damage|p1a: Corviknight|75\/100 par|[from] Stealth Rock\n|-ability|p1a: Corviknight|Pressure\n|move|p2a: Blissey|Teleport|p2a: Blissey\n|c|\u2606Team Bonir|good turn\n|inactive|Sunbracers has 270 seconds left.\n|c|\u2606Team Bonir|how does your team beat paralyzed corv actually\n|c|\u2606Sunbracers|thunder tornadus\n|c|\u2606Team Bonir|:hes:\n|inactive|Sunbracers has 240 seconds left.\n|\n|t:|1711937156\n|switch|p2a: Ferrothorn|Ferrothorn, M|100\/100|[from] Teleport\n|-damage|p2a: Ferrothorn|94\/100|[from] Stealth Rock\n|\n|-heal|p2a: Ferrothorn|100\/100|[from] item: Leftovers\n|upkeep\n|turn|8\n|\n|t:|1711937163\n|switch|p1a: Urshifu|Urshifu-Rapid-Strike, M|100\/100\n|-damage|p1a: Urshifu|94\/100|[from] Stealth Rock\n|move|p2a: Ferrothorn|Knock Off|p1a: Urshifu\n|-resisted|p1a: Urshifu\n|-damage|p1a: Urshifu|83\/100\n|-enditem|p1a: Urshifu|Choice Band|[from] move: Knock Off|[of] p2a: Ferrothorn\n|\n|upkeep\n|turn|9\n|inactive|Sunbracers has 240 seconds left.\n|c|\u2606Sunbracers|get got fool\n|\n|t:|1711937174\n|switch|p2a: Tornadus|Tornadus-Therian, M|100\/100\n|move|p1a: Urshifu|Close Combat|p2a: Tornadus\n|-resisted|p2a: Tornadus\n|-damage|p2a: Tornadus|71\/100\n|-unboost|p1a: Urshifu|def|1\n|-unboost|p1a: Urshifu|spd|1\n|\n|upkeep\n|turn|10\n|c|\u2606Team Bonir|i really thought youd stay in on an aggro read\n|c|\u2606Team Bonir|im ass\n|inactive|Sunbracers has 240 seconds left.\n|c|\u2606Sunbracers|what would i do to you man\n|c|\u2606Team Bonir|just click uturn man\n|\n|t:|1711937194\n|switch|p1a: Clefable|Clefable, M|90\/100\n|move|p2a: Tornadus|Defog|p1a: Clefable\n|-unboost|p1a: Clefable|evasion|1\n|-sideend|p1: Team Bonir|Stealth Rock|[from] move: Defog|[of] p2a: Tornadus\n|-sideend|p2: Sunbracers|Stealth Rock|[from] move: Defog|[of] p2a: Tornadus\n|\n|upkeep\n|turn|11\n|c|\u2606Team Bonir|whip\n|c|\u2606Team Bonir|or that\n|inactive|Sunbracers has 240 seconds left.\n|c|\u2606Sunbracers|i forgot ferro gets whip\n|\n|t:|1711937210\n|move|p2a: Tornadus|U-turn|p1a: Clefable\n|-resisted|p1a: Clefable\n|-damage|p1a: Clefable|85\/100\n|c|\u2606Sunbracers|i forgot fairy resisted bug\n|c|\u2606Team Bonir|riveting battle\n|\n|t:|1711937222\n|switch|p2a: Blissey|Blissey, F|75\/100|[from] U-turn\n|move|p1a: Clefable|Stealth Rock|p2a: Blissey\n|-sidestart|p2: Sunbracers|move: Stealth Rock\n|\n|upkeep\n|turn|12\n|\n|t:|1711937230\n|move|p1a: Clefable|Knock Off|p2a: Blissey\n|-damage|p2a: Blissey|66\/100\n|move|p2a: Blissey|Seismic Toss|p1a: Clefable\n|-damage|p1a: Clefable|59\/100\n|\n|upkeep\n|turn|13\n|\n|t:|1711937239\n|switch|p1a: Corviknight|Corviknight, M|75\/100 par\n|-ability|p1a: Corviknight|Pressure\n|move|p2a: Blissey|Soft-Boiled|p2a: Blissey\n|-heal|p2a: Blissey|100\/100\n|\n|upkeep\n|turn|14\n|inactive|Sunbracers has 240 seconds left.\n|\n|t:|1711937245\n|switch|p2a: Ditto|Ditto, shiny|82\/100\n|-damage|p2a: Ditto|69\/100|[from] Stealth Rock\n|-transform|p2a: Ditto|p1a: Corviknight|[from] ability: Imposter\n|-ability|p2a: Ditto|Pressure\n|cant|p1a: Corviknight|par\n|\n|upkeep\n|turn|15\n|c|\u2606Team Bonir|dude\n|c|\u2606Team Bonir|come on\n|c|\u2606Sunbracers|u dont even have bpress\n|inactive|Sunbracers has 240 seconds left.\n|c|\u2606Team Bonir|yeah\n|c|\u2606Sunbracers|ur horrible\n|\n|t:|1711937267\n|move|p2a: Ditto|Roost|p2a: Ditto\n|-heal|p2a: Ditto|100\/100\n|-singleturn|p2a: Ditto|move: Roost\n|cant|p1a: Corviknight|par\n|\n|upkeep\n|turn|16\n|c|\u2606Team Bonir|dude\n|c|\u2606Sunbracers|thanks man\n|\n|t:|1711937280\n|switch|p2a: Ferrothorn|Ferrothorn, M|100\/100\n|-damage|p2a: Ferrothorn|94\/100|[from] Stealth Rock\n|move|p1a: Corviknight|U-turn|p2a: Ferrothorn\n|-damage|p2a: Ferrothorn|86\/100\n|-damage|p1a: Corviknight|63\/100 par|[from] ability: Iron Barbs|[of] p2a: Ferrothorn\n|c|\u2606Team Bonir|Cool Bro\n|\n|t:|1711937285\n|switch|p1a: Urshifu|Urshifu-Rapid-Strike, M|83\/100|[from] U-turn\n|\n|-heal|p2a: Ferrothorn|92\/100|[from] item: Leftovers\n|upkeep\n|turn|17\n|inactive|Sunbracers has 240 seconds left.\n|c|\u2606Sunbracers|i dont even have to KO ur corv wiht moves i just switch in ferro and clef 1000000 times and u run out of roosts and die\n|c|\u2606Team Bonir|Dude\n|inactive|Sunbracers has 210 seconds left.\n|c|\u2606Team Bonir|i forgot how annoying stallbreaking in ss is\n|\n|t:|1711937336\n|move|p1a: Urshifu|U-turn|p2a: Ferrothorn\n|-damage|p2a: Ferrothorn|78\/100\n|-damage|p1a: Urshifu|71\/100|[from] ability: Iron Barbs|[of] p2a: Ferrothorn\n|c|\u2606Team Bonir|i have no balls\n|c|\u2606Team Bonir|i wanted to cc so bad\n|\n|t:|1711937348\n|switch|p1a: Clefable|Clefable, M|59\/100|[from] U-turn\n|move|p2a: Ferrothorn|Power Whip|p1a: Clefable\n|-damage|p1a: Clefable|25\/100\n|\n|-heal|p2a: Ferrothorn|84\/100|[from] item: Leftovers\n|upkeep\n|turn|18\n|c|\u2606Sunbracers|it would not have killed\n|c|\u2606Team Bonir|dude\n|\n|t:|1711937354\n|move|p1a: Clefable|Soft-Boiled|p1a: Clefable\n|-heal|p1a: Clefable|75\/100\n|move|p2a: Ferrothorn|Leech Seed|p1a: Clefable\n|-start|p1a: Clefable|move: Leech Seed\n|\n|-heal|p2a: Ferrothorn|91\/100|[from] item: Leftovers\n|upkeep\n|turn|19\n|c|\u2606Team Bonir|good turn\n|inactive|Sunbracers has 210 seconds left.\n|\n|t:|1711937359\n|move|p1a: Clefable|Knock Off|p2a: Ferrothorn\n|-damage|p2a: Ferrothorn|82\/100\n|-activate|p2a: Ferrothorn|ability: Iron Barbs\n|-enditem|p2a: Ferrothorn|Leftovers|[from] move: Knock Off|[of] p1a: Clefable\n|move|p2a: Ferrothorn|Spikes|p1a: Clefable\n|-sidestart|p1: Team Bonir|Spikes\n|\n|upkeep\n|turn|20\n|\n|t:|1711937367\n|move|p1a: Clefable|Moonblast|p2a: Ferrothorn\n|-resisted|p2a: Ferrothorn\n|-damage|p2a: Ferrothorn|68\/100\n|-unboost|p2a: Ferrothorn|spa|1\n|move|p2a: Ferrothorn|Spikes|p1a: Clefable\n|-sidestart|p1: Team Bonir|Spikes\n|\n|upkeep\n|turn|21\n|inactive|Sunbracers has 210 seconds left.\n|\n|t:|1711937382\n|move|p1a: Clefable|Moonblast|p2a: Ferrothorn\n|-resisted|p2a: Ferrothorn\n|-damage|p2a: Ferrothorn|54\/100\n|move|p2a: Ferrothorn|Power Whip|p1a: Clefable\n|-damage|p1a: Clefable|40\/100\n|\n|upkeep\n|turn|22\n|c|\u2606Sunbracers|ferro is OP\n|\n|t:|1711937391\n|move|p1a: Clefable|Soft-Boiled|p1a: Clefable\n|-heal|p1a: Clefable|90\/100\n|move|p2a: Ferrothorn|Power Whip|p1a: Clefable\n|-damage|p1a: Clefable|55\/100\n|\n|upkeep\n|turn|23\n|\n|t:|1711937397\n|switch|p1a: Corviknight|Corviknight, M|63\/100 par\n|-ability|p1a: Corviknight|Pressure\n|move|p2a: Ferrothorn|Power Whip|p1a: Corviknight\n|-resisted|p1a: Corviknight\n|-damage|p1a: Corviknight|57\/100 par\n|-damage|p2a: Ferrothorn|38\/100|[from] item: Rocky Helmet|[of] p1a: Corviknight\n|\n|upkeep\n|turn|24\n|\n|t:|1711937403\n|switch|p2a: Ditto|Ditto, shiny|100\/100\n|-damage|p2a: Ditto|88\/100|[from] Stealth Rock\n|-transform|p2a: Ditto|p1a: Corviknight|[from] ability: Imposter\n|-ability|p2a: Ditto|Pressure\n|move|p1a: Corviknight|Defog|p2a: Ditto\n|-unboost|p2a: Ditto|evasion|1\n|-sideend|p2: Sunbracers|Stealth Rock|[from] move: Defog|[of] p1a: Corviknight\n|-sideend|p1: Team Bonir|Spikes|[from] move: Defog|[of] p1a: Corviknight\n|\n|upkeep\n|turn|25\n|\n|t:|1711937412\n|move|p2a: Ditto|Brave Bird|p1a: Corviknight\n|-resisted|p1a: Corviknight\n|-damage|p1a: Corviknight|45\/100 par\n|-damage|p2a: Ditto|71\/100|[from] item: Rocky Helmet|[of] p1a: Corviknight\n|-damage|p2a: Ditto|66\/100|[from] Recoil\n|move|p1a: Corviknight|Roost|p1a: Corviknight\n|-heal|p1a: Corviknight|95\/100 par\n|-singleturn|p1a: Corviknight|move: Roost\n|\n|upkeep\n|turn|26\n|c|\u2606Sunbracers|IM SO GOOD\n|c|\u2606Team Bonir|this battle is gonna take forever dude\n|\n|t:|1711937426\n|switch|p2a: Tornadus|Tornadus-Therian, M|100\/100\n|move|p1a: Corviknight|U-turn|p2a: Tornadus\n|-resisted|p2a: Tornadus\n|-damage|p2a: Tornadus|94\/100\n|c|\u2606Team Bonir|FINALLY\n|\n|t:|1711937432\n|switch|p1a: Weavile|Weavile, M|100\/100|[from] U-turn\n|-ability|p1a: Weavile|Pressure\n|\n|upkeep\n|turn|27\n|c|\u2606Sunbracers|thats the point of stall\n|inactive|Sunbracers has 240 seconds left.\n|\n|t:|1711937453\n|switch|p2a: Gastrodon|Gastrodon, F|100\/100\n|move|p1a: Weavile|Swords Dance|p1a: Weavile\n|-boost|p1a: Weavile|atk|2\n|\n|upkeep\n|turn|28\n|\n|t:|1711937465\n|switch|p2a: Blissey|Blissey, F|100\/100\n|move|p1a: Weavile|Triple Axel|p2a: Blissey\n|-damage|p2a: Blissey|84\/100\n|-damage|p2a: Blissey|49\/100\n|-hitcount|p2a: Blissey|2\n|\n|upkeep\n|turn|29\n|c|\u2606Team Bonir|dude\n|\n|t:|1711937471\n|move|p1a: Weavile|Triple Axel|p2a: Blissey\n|-damage|p2a: Blissey|33\/100\n|-damage|p2a: Blissey|0 fnt\n|faint|p2a: Blissey\n|-hitcount|p2: Blissey|2\n|\n|upkeep\n|\n|t:|1711937473\n|switch|p2a: Ditto|Ditto, shiny|66\/100\n|-transform|p2a: Ditto|p1a: Weavile|[from] ability: Imposter\n|-ability|p2a: Ditto|Pressure\n|turn|30\n|inactive|Sunbracers has 240 seconds left.\n|\n|t:|1711937494\n|switch|p1a: Urshifu|Urshifu-Rapid-Strike, M|71\/100\n|move|p2a: Ditto|Knock Off|p1a: Urshifu\n|-resisted|p1a: Urshifu\n|-damage|p1a: Urshifu|41\/100\n|\n|upkeep\n|turn|31\n|c|\u2606Team Bonir|im better\n|\n|t:|1711937509\n|switch|p2a: Gastrodon|Gastrodon, F|100\/100\n|move|p1a: Urshifu|Surging Strikes|p2a: Gastrodon\n|-ability|p2a: Gastrodon|Storm Drain|boost\n|-boost|p2a: Gastrodon|spa|1\n|\n|upkeep\n|turn|32\n|c|\u2606Team Bonir|im worse\n|c|\u2606Sunbracers|simply not true\n|\n|t:|1711937517\n|move|p1a: Urshifu|U-turn|p2a: Gastrodon\n|-damage|p2a: Gastrodon|71\/100\n|c|\u2606Sunbracers|oh im horrible\n|\n|t:|1711937523\n|switch|p1a: Clefable|Clefable, M|55\/100|[from] U-turn\n|move|p2a: Gastrodon|Toxic|p1a: Clefable\n|-status|p1a: Clefable|tox\n|\n|-heal|p2a: Gastrodon|77\/100|[from] item: Leftovers\n|upkeep\n|turn|33\n|c|\u2606Sunbracers|nvm\n|c|\u2606Team Bonir|good turn\n|inactive|Sunbracers has 240 seconds left.\n|\n|t:|1711937535\n|move|p1a: Clefable|Stealth Rock|p2a: Gastrodon\n|-sidestart|p2: Sunbracers|move: Stealth Rock\n|move|p2a: Gastrodon|Scald|p1a: Clefable\n|-damage|p1a: Clefable|25\/100 tox\n|\n|-heal|p2a: Gastrodon|84\/100|[from] item: Leftovers\n|upkeep\n|turn|34\n|c|\u2606Team Bonir|wait\n|inactive|Sunbracers has 240 seconds left.\n|c|\u2606Team Bonir|doesnt specs pult\n|c|\u2606Team Bonir|just\n|c|\u2606Sunbracers|30% from scald is fucking crazy\n|c|\u2606Team Bonir|click shadow ball forever\n|c|\u2606Team Bonir|dude its +1\n|c|\u2606Sunbracers|no\n|c|\u2606Sunbracers|u cant click ball against blissey\n|\n|t:|1711937561\n|move|p1a: Clefable|Soft-Boiled|p1a: Clefable\n|-heal|p1a: Clefable|75\/100 tox\n|move|p2a: Gastrodon|Scald|p1a: Clefable\n|-damage|p1a: Clefable|44\/100 tox\n|\n|-heal|p2a: Gastrodon|90\/100|[from] item: Leftovers\n|upkeep\n|turn|35\n|\n|t:|1711937567\n|move|p1a: Clefable|Knock Off|p2a: Gastrodon\n|-damage|p2a: Gastrodon|72\/100\n|-enditem|p2a: Gastrodon|Leftovers|[from] move: Knock Off|[of] p1a: Clefable\n|move|p2a: Gastrodon|Scald|p1a: Clefable\n|-damage|p1a: Clefable|10\/100 tox\n|\n|upkeep\n|turn|36\n|\n|t:|1711937572\n|move|p1a: Clefable|Soft-Boiled|p1a: Clefable\n|-heal|p1a: Clefable|60\/100 tox\n|move|p2a: Gastrodon|Recover|p2a: Gastrodon\n|-heal|p2a: Gastrodon|100\/100\n|\n|upkeep\n|turn|37\n|c|\u2606Team Bonir|this battle sucks\n|c|\u2606Team Bonir|i wanna go home\n|c|\u2606Sunbracers|Ur just bad\n|c|\u2606Sunbracers|im outplaying u like crazy bro\n|\n|t:|1711937593\n|move|p1a: Clefable|Moonblast|p2a: Gastrodon\n|-damage|p2a: Gastrodon|79\/100\n|-unboost|p2a: Gastrodon|spa|1\n|move|p2a: Gastrodon|Scald|p1a: Clefable\n|-damage|p1a: Clefable|38\/100 tox\n|\n|upkeep\n|turn|38\n|c|\u2606Team Bonir|good spatk drop\n|\n|t:|1711937600\n|move|p1a: Clefable|Soft-Boiled|p1a: Clefable\n|-heal|p1a: Clefable|88\/100 tox\n|move|p2a: Gastrodon|Earth Power|p1a: Clefable\n|-damage|p1a: Clefable|64\/100 tox\n|-unboost|p1a: Clefable|spd|1\n|\n|upkeep\n|turn|39\n|c|\u2606Team Bonir|DIE\n|\n|t:|1711937608\n|move|p1a: Clefable|Moonblast|p2a: Gastrodon\n|-damage|p2a: Gastrodon|58\/100\n|move|p2a: Gastrodon|Scald|p1a: Clefable\n|-damage|p1a: Clefable|33\/100 tox\n|\n|upkeep\n|turn|40\n|\n|t:|1711937612\n|switch|p1a: Landorus|Landorus-Therian, M|84\/100\n|-ability|p1a: Landorus|Intimidate|boost\n|-unboost|p2a: Gastrodon|atk|1\n|move|p2a: Gastrodon|Recover|p2a: Gastrodon\n|-heal|p2a: Gastrodon|100\/100\n|\n|-heal|p1a: Landorus|90\/100|[from] item: Leftovers\n|upkeep\n|turn|41\n|c|\u2606Sunbracers|all skill\n|inactive|Sunbracers has 270 seconds left.\n|\n|t:|1711937634\n|move|p1a: Landorus|Toxic|p2a: Gastrodon\n|-status|p2a: Gastrodon|tox\n|move|p2a: Gastrodon|Scald|p1a: Landorus\n|-supereffective|p1a: Landorus\n|-damage|p1a: Landorus|52\/100\n|-status|p1a: Landorus|brn\n|\n|-heal|p1a: Landorus|58\/100 brn|[from] item: Leftovers\n|-damage|p2a: Gastrodon|94\/100 tox|[from] psn\n|-damage|p1a: Landorus|52\/100 brn|[from] brn\n|upkeep\n|turn|42\n|c|\u2606Team Bonir|good turn\n|c|\u2606Sunbracers|im so pro\n|\n|t:|1711937645\n|switch|p2a: Ferrothorn|Ferrothorn, M|38\/100\n|-damage|p2a: Ferrothorn|32\/100|[from] Stealth Rock\n|move|p1a: Landorus|U-turn|p2a: Ferrothorn\n|-damage|p2a: Ferrothorn|25\/100\n|-damage|p1a: Landorus|39\/100 brn|[from] ability: Iron Barbs|[of] p2a: Ferrothorn\n|\n|t:|1711937651\n|switch|p1a: Clefable|Clefable, M|33\/100 tox|[from] U-turn\n|\n|upkeep\n|turn|43\n|c|\u2606Sunbracers|ferrothorn is OP bro\n|\n|t:|1711937659\n|move|p1a: Clefable|Soft-Boiled|p1a: Clefable\n|-heal|p1a: Clefable|83\/100 tox\n|move|p2a: Ferrothorn|Power Whip|p1a: Clefable\n|-damage|p1a: Clefable|49\/100 tox\n|\n|upkeep\n|turn|44\n|c|\u2606Team Bonir|i forgot you have whip\n|\n|t:|1711937667\n|switch|p1a: Corviknight|Corviknight, M|95\/100 par\n|-ability|p1a: Corviknight|Pressure\n|move|p2a: Ferrothorn|Spikes|p1a: Corviknight\n|-sidestart|p1: Team Bonir|Spikes\n|\n|upkeep\n|turn|45\n|c|\u2606Sunbracers|Me too\n|\n|t:|1711937675\n|move|p1a: Corviknight|Brave Bird|p2a: Ferrothorn\n|-damage|p2a: Ferrothorn|3\/100\n|-damage|p1a: Corviknight|82\/100 par|[from] ability: Iron Barbs|[of] p2a: Ferrothorn\n|-damage|p1a: Corviknight|76\/100 par|[from] Recoil\n|move|p2a: Ferrothorn|Spikes|p1a: Corviknight\n|-sidestart|p1: Team Bonir|Spikes\n|\n|upkeep\n|turn|46\n|\n|t:|1711937681\n|cant|p1a: Corviknight|par\n|move|p2a: Ferrothorn|Spikes|p1a: Corviknight\n|-sidestart|p1: Team Bonir|Spikes\n|\n|upkeep\n|turn|47\n|\n|t:|1711937684\n|cant|p1a: Corviknight|par\n|move|p2a: Ferrothorn|Leech Seed|p1a: Corviknight\n|-start|p1a: Corviknight|move: Leech Seed\n|\n|-damage|p1a: Corviknight|63\/100 par|[from] Leech Seed|[of] p2a: Ferrothorn\n|-heal|p2a: Ferrothorn|17\/100|[silent]\n|upkeep\n|turn|48\n|c|\u2606Team Bonir|dude\n|\n|t:|1711937708\n|switch|p1a: Clefable|Clefable, M|49\/100 tox\n|move|p2a: Ferrothorn|Knock Off|p1a: Clefable\n|-resisted|p1a: Clefable\n|-damage|p1a: Clefable|43\/100 tox\n|\n|upkeep\n|turn|49\n|c|\u2606Sunbracers|dude knock does 10% max to corv\n|\n|t:|1711937718\n|move|p1a: Clefable|Moonblast|p2a: Ferrothorn\n|-resisted|p2a: Ferrothorn\n|-damage|p2a: Ferrothorn|4\/100\n|move|p2a: Ferrothorn|Power Whip|p1a: Clefable\n|-damage|p1a: Clefable|7\/100 tox\n|\n|upkeep\n|turn|50\n|c|\u2606Sunbracers|it's over for U bro\n|\n|t:|1711937730\n|move|p1a: Clefable|Soft-Boiled|p1a: Clefable\n|-heal|p1a: Clefable|57\/100 tox\n|move|p2a: Ferrothorn|Knock Off|p1a: Clefable\n|-resisted|p1a: Clefable\n|-damage|p1a: Clefable|50\/100 tox\n|\n|upkeep\n|turn|51\n|\n|t:|1711937735\n|move|p1a: Clefable|Moonblast|p2a: Ferrothorn\n|-resisted|p2a: Ferrothorn\n|-damage|p2a: Ferrothorn|0 fnt\n|faint|p2a: Ferrothorn\n|\n|upkeep\n|\n|t:|1711937745\n|switch|p2a: Gastrodon|Gastrodon, F|94\/100 tox\n|-damage|p2a: Gastrodon|88\/100 tox|[from] Stealth Rock\n|turn|52\n|\n|t:|1711937754\n|move|p1a: Clefable|Moonblast|p2a: Gastrodon\n|-damage|p2a: Gastrodon|67\/100 tox\n|-unboost|p2a: Gastrodon|spa|1\n|move|p2a: Gastrodon|Scald|p1a: Clefable\n|-damage|p1a: Clefable|35\/100 tox\n|\n|-damage|p2a: Gastrodon|61\/100 tox|[from] psn\n|upkeep\n|turn|53\n|\n|t:|1711937758\n|move|p1a: Clefable|Moonblast|p2a: Gastrodon\n|-damage|p2a: Gastrodon|41\/100 tox\n|move|p2a: Gastrodon|Recover|p2a: Gastrodon\n|-heal|p2a: Gastrodon|91\/100 tox\n|\n|-damage|p2a: Gastrodon|78\/100 tox|[from] psn\n|upkeep\n|turn|54\n|c|\u2606Sunbracers|deer\n|c|\u2606Sunbracers|dir\n|\n|t:|1711937766\n|move|p1a: Clefable|Moonblast|p2a: Gastrodon\n|-damage|p2a: Gastrodon|58\/100 tox\n|move|p2a: Gastrodon|Recover|p2a: Gastrodon\n|-heal|p2a: Gastrodon|100\/100 tox\n|\n|-damage|p2a: Gastrodon|82\/100 tox|[from] psn\n|upkeep\n|turn|55\n|c|\u2606Team Bonir|Ok Bro\n|c|\u2606Sunbracers|Ur so horrible\n|\n|t:|1711937776\n|move|p1a: Clefable|Moonblast|p2a: Gastrodon\n|-damage|p2a: Gastrodon|62\/100 tox\n|move|p2a: Gastrodon|Earth Power|p1a: Clefable\n|-damage|p1a: Clefable|18\/100 tox\n|\n|-damage|p2a: Gastrodon|37\/100 tox|[from] psn\n|upkeep\n|turn|56\n|\n|t:|1711937778\n|move|p1a: Clefable|Soft-Boiled|p1a: Clefable\n|-heal|p1a: Clefable|68\/100 tox\n|move|p2a: Gastrodon|Recover|p2a: Gastrodon\n|-heal|p2a: Gastrodon|87\/100 tox\n|\n|-damage|p2a: Gastrodon|57\/100 tox|[from] psn\n|upkeep\n|turn|57\n|\n|t:|1711937781\n|move|p1a: Clefable|Moonblast|p2a: Gastrodon\n|-damage|p2a: Gastrodon|35\/100 tox\n|move|p2a: Gastrodon|Recover|p2a: Gastrodon\n|-heal|p2a: Gastrodon|85\/100 tox\n|\n|-damage|p2a: Gastrodon|49\/100 tox|[from] psn\n|upkeep\n|turn|58\n|\n|t:|1711937783\n|move|p1a: Clefable|Moonblast|p2a: Gastrodon\n|-crit|p2a: Gastrodon\n|-damage|p2a: Gastrodon|18\/100 tox\n|move|p2a: Gastrodon|Recover|p2a: Gastrodon\n|-heal|p2a: Gastrodon|68\/100 tox\n|\n|-damage|p2a: Gastrodon|26\/100 tox|[from] psn\n|upkeep\n|turn|59\n|c|\u2606Sunbracers|ur hacking\n|\n|t:|1711937792\n|move|p1a: Clefable|Moonblast|p2a: Gastrodon\n|-damage|p2a: Gastrodon|3\/100 tox\n|move|p2a: Gastrodon|Recover|p2a: Gastrodon\n|-heal|p2a: Gastrodon|53\/100 tox\n|\n|-damage|p2a: Gastrodon|4\/100 tox|[from] psn\n|upkeep\n|turn|60\n|c|\u2606Team Bonir|my bad\n|\n|t:|1711937798\n|move|p1a: Clefable|Moonblast|p2a: Gastrodon\n|-damage|p2a: Gastrodon|0 fnt\n|faint|p2a: Gastrodon\n|\n|upkeep\n|c|\u2606Team Bonir|ood recover\n|c|\u2606Team Bonir|good\n|c|\u2606Sunbracers|hacking\n|\n|t:|1711937804\n|switch|p2a: Tornadus|Tornadus-Therian, M|100\/100\n|turn|61\n|c|\u2606Team Bonir|clef shamone\n|\n|t:|1711937811\n|move|p2a: Tornadus|Hurricane|p1a: Clefable\n|-damage|p1a: Clefable|36\/100 tox\n|-start|p1a: Clefable|confusion\n|-activate|p1a: Clefable|confusion\n|-damage|p1a: Clefable|30\/100 tox|[from] confusion\n|\n|upkeep\n|turn|62\n|c|\u2606Team Bonir|oh\n|\n|t:|1711937819\n|switch|p1a: Landorus|Landorus-Therian, M|39\/100 brn\n|-ability|p1a: Landorus|Intimidate|boost\n|-unboost|p2a: Tornadus|atk|1\n|move|p2a: Tornadus|U-turn|p1a: Landorus\n|-resisted|p1a: Landorus\n|-damage|p1a: Landorus|35\/100 brn\n|\n|t:|1711937822\n|switch|p2a: Ditto|Ditto, shiny|66\/100|[from] U-turn\n|-damage|p2a: Ditto|54\/100|[from] Stealth Rock\n|-transform|p2a: Ditto|p1a: Landorus|[from] ability: Imposter\n|-ability|p2a: Ditto|Intimidate|boost\n|-unboost|p1a: Landorus|atk|1\n|\n|-heal|p1a: Landorus|41\/100 brn|[from] item: Leftovers\n|-damage|p1a: Landorus|35\/100 brn|[from] brn\n|upkeep\n|turn|63\n|\n|t:|1711937831\n|move|p2a: Ditto|U-turn|p1a: Landorus\n|-resisted|p1a: Landorus\n|-damage|p1a: Landorus|23\/100 brn\n|\n|t:|1711937835\n|switch|p2a: Tornadus|Tornadus-Therian, M|100\/100|[from] U-turn\n|move|p1a: Landorus|U-turn|p2a: Tornadus\n|-resisted|p2a: Tornadus\n|-damage|p2a: Tornadus|97\/100\n|\n|t:|1711937839\n|switch|p1a: Corviknight|Corviknight, M|63\/100 par|[from] U-turn\n|-ability|p1a: Corviknight|Pressure\n|\n|upkeep\n|turn|64\n|\n|t:|1711937842\n|move|p2a: Tornadus|Hurricane|p1a: Corviknight\n|-resisted|p1a: Corviknight\n|-damage|p1a: Corviknight|46\/100 par\n|move|p1a: Corviknight|Defog|p2a: Tornadus\n|-unboost|p2a: Tornadus|evasion|1\n|-sideend|p2: Sunbracers|Stealth Rock|[from] move: Defog|[of] p1a: Corviknight\n|-sideend|p1: Team Bonir|Spikes|[from] move: Defog|[of] p1a: Corviknight\n|\n|upkeep\n|turn|65\n|c|\u2606Team Bonir|good hurricane\n|c|\u2606Sunbracers|It's over for U brp\n|c|\u2606Sunbracers|when i hit all 16 hurricanes\n|\n|t:|1711937856\n|move|p2a: Tornadus|Hurricane|p1a: Corviknight\n|-resisted|p1a: Corviknight\n|-damage|p1a: Corviknight|27\/100 par\n|-start|p1a: Corviknight|confusion\n|-activate|p1a: Corviknight|confusion\n|move|p1a: Corviknight|Roost|p1a: Corviknight\n|-heal|p1a: Corviknight|77\/100 par\n|-singleturn|p1a: Corviknight|move: Roost\n|\n|upkeep\n|turn|66\n|c|\u2606Team Bonir|dude\n|c|\u2606Team Bonir|im not playing this parafusion bs\n|\n|t:|1711937867\n|switch|p1a: Landorus|Landorus-Therian, M|23\/100 brn\n|-ability|p1a: Landorus|Intimidate|boost\n|-unboost|p2a: Tornadus|atk|1\n|move|p2a: Tornadus|Knock Off|p1a: Landorus\n|-damage|p1a: Landorus|10\/100 brn\n|-enditem|p1a: Landorus|Leftovers|[from] move: Knock Off|[of] p2a: Tornadus\n|\n|-damage|p1a: Landorus|4\/100 brn|[from] brn\n|upkeep\n|turn|67\n|c|\u2606Team Bonir|good knock\n|\n|t:|1711937872\n|move|p2a: Tornadus|U-turn|p1a: Landorus\n|-resisted|p1a: Landorus\n|-damage|p1a: Landorus|0 fnt\n|faint|p1a: Landorus\n|c|\u2606Sunbracers|whoops\n|c|\u2606Team Bonir|go ditto\n|c|\u2606Sunbracers|No bro\n|c|\u2606Team Bonir|do it\n|c|\u2606Sunbracers|I want to go back to clef\n|c|\u2606Sunbracers|torn i mean\n|c|\u2606Team Bonir|go ditto\n|\n|t:|1711937896\n|switch|p2a: Clefable|Clefable, M|92\/100|[from] U-turn\n|\n|upkeep\n|\n|t:|1711937918\n|switch|p1a: Clefable|Clefable, M|30\/100 tox\n|turn|68\n|c|\u2606Sunbracers|Turn 67 bro\n|\n|t:|1711937922\n|move|p2a: Clefable|Stealth Rock|p1a: Clefable\n|-sidestart|p1: Team Bonir|move: Stealth Rock\n|move|p1a: Clefable|Soft-Boiled|p1a: Clefable\n|-heal|p1a: Clefable|80\/100 tox\n|\n|upkeep\n|turn|69\n|c|\u2606Team Bonir|actually how do i break clef\n|\n|t:|1711937930\n|switch|p2a: Tornadus|Tornadus-Therian, M|100\/100\n|move|p1a: Clefable|Knock Off|p2a: Tornadus\n|-damage|p2a: Tornadus|85\/100\n|-enditem|p2a: Tornadus|Heavy-Duty Boots|[from] move: Knock Off|[of] p1a: Clefable\n|\n|upkeep\n|turn|70\n|c|\u2606Team Bonir|oh\n|c|\u2606Sunbracers|I'm so prooooooooo\n|\n|t:|1711937938\n|move|p2a: Tornadus|Hurricane|p1a: Clefable\n|-damage|p1a: Clefable|50\/100 tox\n|-start|p1a: Clefable|confusion\n|-activate|p1a: Clefable|confusion\n|-damage|p1a: Clefable|44\/100 tox|[from] confusion\n|\n|upkeep\n|turn|71\n|c|\u2606Team Bonir|dude\n|c|\u2606Team Bonir|come on\n|c|\u2606Sunbracers|Have I missed a hurricane yet\n|c|\u2606Team Bonir|no\n|\n|t:|1711937951\n|switch|p1a: Corviknight|Corviknight, M|77\/100 par\n|-damage|p1a: Corviknight|64\/100 par|[from] Stealth Rock\n|-ability|p1a: Corviknight|Pressure\n|move|p2a: Tornadus|Hurricane|p1a: Corviknight|[miss]\n|-miss|p2a: Tornadus|p1a: Corviknight\n|\n|upkeep\n|turn|72\n|c|\u2606Team Bonir|oh\n|c|\u2606Sunbracers|god damn it\n|\n|t:|1711937957\n|move|p2a: Tornadus|Hurricane|p1a: Corviknight\n|-resisted|p1a: Corviknight\n|-damage|p1a: Corviknight|47\/100 par\n|move|p1a: Corviknight|Defog|p2a: Tornadus\n|-unboost|p2a: Tornadus|evasion|1\n|-sideend|p1: Team Bonir|Stealth Rock|[from] move: Defog|[of] p1a: Corviknight\n|\n|upkeep\n|turn|73\n|c|\u2606Team Bonir|theres a justice\n|\n|t:|1711937961\n|move|p2a: Tornadus|Hurricane|p1a: Corviknight|[miss]\n|-miss|p2a: Tornadus|p1a: Corviknight\n|cant|p1a: Corviknight|par\n|\n|upkeep\n|turn|74\n|c|\u2606Team Bonir|good turn\n|\n|t:|1711937965\n|move|p2a: Tornadus|Hurricane|p1a: Corviknight|[miss]\n|-miss|p2a: Tornadus|p1a: Corviknight\n|move|p1a: Corviknight|Roost|p1a: Corviknight\n|-heal|p1a: Corviknight|97\/100 par\n|-singleturn|p1a: Corviknight|move: Roost\n|\n|upkeep\n|turn|75\n|\n|t:|1711937969\n|move|p2a: Tornadus|Hurricane|p1a: Corviknight\n|-resisted|p1a: Corviknight\n|-damage|p1a: Corviknight|78\/100 par\n|move|p1a: Corviknight|U-turn|p2a: Tornadus\n|-resisted|p2a: Tornadus\n|-damage|p2a: Tornadus|78\/100\n|\n|t:|1711937971\n|switch|p1a: Weavile|Weavile, M|100\/100|[from] U-turn\n|-ability|p1a: Weavile|Pressure\n|\n|upkeep\n|turn|76\n|c|\u2606Sunbracers|if it werent for pressure I would 6 0 u\n|\n|t:|1711937981\n|switch|p2a: Clefable|Clefable, M|92\/100\n|move|p1a: Weavile|Swords Dance|p1a: Weavile\n|-boost|p1a: Weavile|atk|2\n|\n|upkeep\n|turn|77\n|c|\u2606Team Bonir|:hes:\n|\n|t:|1711937987\n|move|p1a: Weavile|Knock Off|p2a: Clefable\n|-resisted|p2a: Clefable\n|-damage|p2a: Clefable|53\/100\n|-damage|p1a: Weavile|84\/100|[from] item: Rocky Helmet|[of] p2a: Clefable\n|-enditem|p2a: Clefable|Rocky Helmet|[from] move: Knock Off|[of] p1a: Weavile\n|move|p2a: Clefable|Knock Off|p1a: Weavile\n|-resisted|p1a: Weavile\n|-damage|p1a: Weavile|70\/100\n|-enditem|p1a: Weavile|Heavy-Duty Boots|[from] move: Knock Off|[of] p2a: Clefable\n|\n|upkeep\n|turn|78\n|c|\u2606Sunbracers|its over for u\n|c|\u2606Team Bonir|39 to clef is crazy\n|c|\u2606Team Bonir|wait\n|\n|t:|1711937998\n|move|p1a: Weavile|Triple Axel|p2a: Clefable\n|-damage|p2a: Clefable|38\/100\n|-damage|p2a: Clefable|8\/100\n|-damage|p2a: Clefable|0 fnt\n|faint|p2a: Clefable\n|-hitcount|p2: Clefable|3\n|\n|upkeep\n|c|\u2606Team Bonir|is it unaware\n|\n|t:|1711938000\n|switch|p2a: Ditto|Ditto, shiny|54\/100\n|-transform|p2a: Ditto|p1a: Weavile|[from] ability: Imposter\n|-ability|p2a: Ditto|Pressure\n|turn|79\n|\n|t:|1711938016\n|move|p2a: Ditto|Triple Axel|p1a: Weavile\n|-resisted|p1a: Weavile\n|-damage|p1a: Weavile|52\/100\n|-resisted|p1a: Weavile\n|-damage|p1a: Weavile|17\/100\n|-resisted|p1a: Weavile\n|-damage|p1a: Weavile|0 fnt\n|faint|p1a: Weavile\n|-hitcount|p1: Weavile|3\n|\n|upkeep\n|\n|t:|1711938020\n|switch|p1a: Corviknight|Corviknight, M|78\/100 par\n|-ability|p1a: Corviknight|Pressure\n|turn|80\n|\n|t:|1711938038\n|move|p2a: Ditto|Triple Axel|p1a: Corviknight\n|-crit|p1a: Corviknight\n|-damage|p1a: Corviknight|59\/100 par\n|-damage|p2a: Ditto|37\/100|[from] item: Rocky Helmet|[of] p1a: Corviknight\n|-crit|p1a: Corviknight\n|-damage|p1a: Corviknight|21\/100 par\n|-damage|p2a: Ditto|20\/100|[from] item: Rocky Helmet|[of] p1a: Corviknight\n|-damage|p1a: Corviknight|0 fnt\n|-damage|p2a: Ditto|4\/100|[from] item: Rocky Helmet|[of] p1a: Corviknight\n|faint|p1a: Corviknight\n|-hitcount|p1: Corviknight|3\n|\n|upkeep\n|c|\u2606Sunbracers|all skill\n|c|\u2606Team Bonir|dude\n|\n|t:|1711938044\n|switch|p1a: Urshifu|Urshifu-Rapid-Strike, M|41\/100\n|turn|81\n|\n|t:|1711938047\n|move|p1a: Urshifu|Aqua Jet|p2a: Ditto\n|-damage|p2a: Ditto|0 fnt\n|faint|p2a: Ditto\n|\n|upkeep\n|c|\u2606Sunbracers|i wouldve lost anyway tho cuz i wouldve just run out of triple axel\n|\n|t:|1711938060\n|switch|p2a: Tornadus|Tornadus-Therian, M|100\/100\n|turn|82\n|c|\u2606Team Bonir|actually i could lose to this torn\n|c|\u2606Team Bonir|with like\n|c|\u2606Team Bonir|egregious luck\n|\n|t:|1711938070\n|move|p2a: Tornadus|U-turn|p1a: Urshifu\n|-resisted|p1a: Urshifu\n|-damage|p1a: Urshifu|33\/100\n|move|p1a: Urshifu|Surging Strikes|p2a: Tornadus\n|-crit|p2a: Tornadus\n|-damage|p2a: Tornadus|79\/100\n|-crit|p2a: Tornadus\n|-damage|p2a: Tornadus|57\/100\n|-crit|p2a: Tornadus\n|-damage|p2a: Tornadus|38\/100\n|-hitcount|p2a: Tornadus|3\n|\n|upkeep\n|turn|83\n|c|\u2606Team Bonir|oh\n|c|\u2606Team Bonir|ude\n|c|\u2606Team Bonir|dude\n|c|\u2606Team Bonir|4 of your mons\n|c|\u2606Team Bonir|clicked all of their moves\n|inactive|Sunbracers has 270 seconds left.\n|\n|t:|1711938111\n|move|p1a: Urshifu|Aqua Jet|p2a: Tornadus\n|-damage|p2a: Tornadus|16\/100\n|move|p2a: Tornadus|U-turn|p1a: Urshifu\n|-resisted|p1a: Urshifu\n|-damage|p1a: Urshifu|25\/100\n|\n|upkeep\n|turn|84\n|c|\u2606Team Bonir|good uturn\n|inactive|Sunbracers has 270 seconds left.\n|c|\u2606Sunbracers|u turn is the most damage i can do to u bro\n|\n|t:|1711938123\n|move|p1a: Urshifu|Aqua Jet|p2a: Tornadus\n|-damage|p2a: Tornadus|0 fnt\n|faint|p2a: Tornadus\n|\n|win|Team Bonir\n|c|\u2606Team Bonir|oh wait\n|c|\u2606Team Bonir|youre out of canes\n|c|\u2606Team Bonir|LOL\n|c|\u2606Sunbracers|yep\n|c|\u2606Team Bonir|i didnt even notice\n|c|\u2606Sunbracers|84 turns oh my god\n|l|\u2606Sunbracers\n|player|p2|\n|c|\u2606Team Bonir|i need to go to bed man\n|c|\u2606Team Bonir|this took too long\n","uploadtime":1711938127,"views":2,"formatid":"gen8ou","rating":null,"private":0,"password":null}