|j|☆pelucant
|j|☆torchicloco
|t:|1711924113
|gametype|singles
|player|p1|pelucant|riley|
|player|p2|torchicloco|101|
|teamsize|p1|6
|teamsize|p2|6
|gen|8
|tier|[Gen 8] OU
|rule|Sleep Clause Mod: Limit one foe put to sleep
|rule|Species Clause: Limit one of each Pokémon
|rule|OHKO Clause: OHKO moves are banned
|rule|Evasion Items Clause: Evasion items are banned
|rule|Evasion Moves Clause: Evasion moves are banned
|rule|Endless Battle Clause: Forcing endless battles is banned
|rule|HP Percentage Mod: HP is shown in percentages
|rule|Dynamax Clause: You cannot dynamax
|clearpoke
|poke|p1|Darmanitan, F|
|poke|p1|Gengar, F|
|poke|p1|Melmetal|
|poke|p1|Corviknight, F|
|poke|p1|Dragapult, M|
|poke|p1|Urshifu-*, F|
|poke|p2|Dragapult, F|
|poke|p2|Seismitoad, F|
|poke|p2|Corviknight, M|
|poke|p2|Conkeldurr, M|
|poke|p2|Sylveon, F|
|poke|p2|Rotom-Heat|
|teampreview
|
|t:|1711924194
|start
|switch|p1a: Dragapult|Dragapult, M|100/100
|switch|p2a: Rotom|Rotom-Heat|100/100
|turn|1
|
|t:|1711924208
|move|p2a: Rotom|Trick|p1a: Dragapult
|-activate|p2a: Rotom|move: Trick|[of] p1a: Dragapult
|-item|p1a: Dragapult|Choice Scarf|[from] move: Trick
|-item|p2a: Rotom|Choice Specs|[from] move: Trick
|move|p1a: Dragapult|U-turn|p2a: Rotom
|-resisted|p2a: Rotom
|-damage|p2a: Rotom|92/100
|
|t:|1711924220
|switch|p1a: Urshifu|Urshifu-Rapid-Strike, F|100/100|[from] U-turn
|
|upkeep
|turn|2
|
|t:|1711924233
|switch|p2a: Seismitoad|Seismitoad, F|100/100
|move|p1a: Urshifu|Surging Strikes|p2a: Seismitoad
|-immune|p2a: Seismitoad|[from] ability: Water Absorb
|
|upkeep
|turn|3
|
|t:|1711924290
|switch|p1a: Corviknight|Corviknight, F|100/100
|-ability|p1a: Corviknight|Pressure
|move|p2a: Seismitoad|Earth Power|p1a: Corviknight
|-immune|p1a: Corviknight
|
|upkeep
|turn|4
|inactive|Battle timer is ON: inactive players will automatically lose when time's up. (requested by pelucant)
|
|t:|1711924297
|move|p2a: Seismitoad|Scald|p1a: Corviknight
|-damage|p1a: Corviknight|76/100
|move|p1a: Corviknight|Iron Defense|p1a: Corviknight
|-boost|p1a: Corviknight|def|2
|
|upkeep
|turn|5
|
|t:|1711924306
|move|p2a: Seismitoad|Scald|p1a: Corviknight
|-damage|p1a: Corviknight|54/100
|move|p1a: Corviknight|Iron Defense|p1a: Corviknight
|-boost|p1a: Corviknight|def|2
|
|upkeep
|turn|6
|
|t:|1711924316
|move|p2a: Seismitoad|Scald|p1a: Corviknight
|-damage|p1a: Corviknight|32/100
|-status|p1a: Corviknight|brn
|move|p1a: Corviknight|Iron Defense|p1a: Corviknight
|-boost|p1a: Corviknight|def|2
|
|-damage|p1a: Corviknight|26/100 brn|[from] brn
|upkeep
|turn|7
|
|t:|1711924326
|move|p2a: Seismitoad|Stealth Rock|p1a: Corviknight
|-sidestart|p1: pelucant|move: Stealth Rock
|move|p1a: Corviknight|Roost|p1a: Corviknight
|-heal|p1a: Corviknight|76/100 brn
|-singleturn|p1a: Corviknight|move: Roost
|
|-damage|p1a: Corviknight|69/100 brn|[from] brn
|upkeep
|turn|8
|
|t:|1711924338
|switch|p2a: Dragapult|Dragapult, F|100/100
|move|p1a: Corviknight|Roost|p1a: Corviknight
|-heal|p1a: Corviknight|100/100 brn
|-singleturn|p1a: Corviknight|move: Roost
|
|-damage|p1a: Corviknight|94/100 brn|[from] brn
|upkeep
|turn|9
|
|t:|1711924357
|switch|p1a: Dragapult|Dragapult, M|100/100
|-damage|p1a: Dragapult|88/100|[from] Stealth Rock
|move|p2a: Dragapult|Substitute|p2a: Dragapult
|-start|p2a: Dragapult|Substitute
|-damage|p2a: Dragapult|76/100
|
|upkeep
|turn|10
|
|t:|1711924367
|move|p1a: Dragapult|U-turn|p2a: Dragapult
|-resisted|p2a: Dragapult
|-damage|p2a: Dragapult|64/100
|c|☆pelucant|perdon me tengo que ir
|c|☆pelucant|cuas cuas
|c|☆pelucant|pascuas
|inactive|pelucant has 270 seconds left.
|-message|pelucant forfeited.
|
|win|torchicloco
|l|☆pelucant
|player|p1|
