{"id":"smogtours-gen8ou-757985","format":"[Gen 8] OU","players":["Luigi9878","THE PDC SHOW"],"log":"|inactive|Battle timer is ON: inactive players will automatically lose when time's up.\n|t:|1711927443\n|gametype|singles\n|player|p1|Luigi9878|bruno|\n|player|p2|THE PDC SHOW|#splxiiityrants|\n|teamsize|p1|6\n|teamsize|p2|6\n|gen|8\n|tier|[Gen 8] OU\n|rule|Sleep Clause Mod: Limit one foe put to sleep\n|rule|Species Clause: Limit one of each Pok\u00e9mon\n|rule|OHKO Clause: OHKO moves are banned\n|rule|Evasion Items Clause: Evasion items are banned\n|rule|Evasion Moves Clause: Evasion moves are banned\n|rule|Endless Battle Clause: Forcing endless battles is banned\n|rule|HP Percentage Mod: HP is shown in percentages\n|rule|Dynamax Clause: You cannot dynamax\n|clearpoke\n|poke|p1|Dragapult, M|\n|poke|p1|Corviknight, M|\n|poke|p1|Ditto|\n|poke|p1|Diggersby, M|\n|poke|p1|Blissey, F|\n|poke|p1|Chansey, F|\n|poke|p2|Dragapult, F|\n|poke|p2|Rotom-Wash|\n|poke|p2|Clefable, F|\n|poke|p2|Melmetal|\n|poke|p2|Landorus-Therian, M|\n|poke|p2|Heatran, F|\n|teampreview\n|inactive|Luigi9878 has 270 seconds left.\n|\n|t:|1711927491\n|start\n|switch|p1a: Dragapult|Dragapult, M|100\/100\n|switch|p2a: Rotom|Rotom-Wash|100\/100\n|turn|1\n|\n|t:|1711927502\n|move|p1a: Dragapult|Shadow Ball|p2a: Rotom\n|-damage|p2a: Rotom|51\/100\n|-unboost|p2a: Rotom|spd|1\n|move|p2a: Rotom|Volt Switch|p1a: Dragapult\n|-resisted|p1a: Dragapult\n|-damage|p1a: Dragapult|83\/100\n|\n|t:|1711927524\n|switch|p2a: Melmetal|Melmetal|100\/100|[from] Volt Switch\n|\n|upkeep\n|turn|2\n|\n|t:|1711927530\n|switch|p1a: Corviknight|Corviknight, M|100\/100\n|move|p2a: Melmetal|Thunder Punch|p1a: Corviknight\n|-supereffective|p1a: Corviknight\n|-damage|p1a: Corviknight|62\/100\n|-damage|p2a: Melmetal|84\/100|[from] item: Rocky Helmet|[of] p1a: Corviknight\n|\n|-heal|p2a: Melmetal|90\/100|[from] item: Leftovers\n|upkeep\n|turn|3\n|\n|t:|1711927540\n|move|p1a: Corviknight|Body Press|p2a: Melmetal\n|-supereffective|p2a: Melmetal\n|-damage|p2a: Melmetal|59\/100\n|move|p2a: Melmetal|Earthquake|p1a: Corviknight\n|-immune|p1a: Corviknight\n|\n|-heal|p2a: Melmetal|65\/100|[from] item: Leftovers\n|upkeep\n|turn|4\n|\n|t:|1711927549\n|switch|p2a: Rotom|Rotom-Wash|51\/100\n|move|p1a: Corviknight|Body Press|p2a: Rotom\n|-damage|p2a: Rotom|31\/100\n|\n|-heal|p2a: Rotom|38\/100|[from] item: Leftovers\n|upkeep\n|turn|5\n|\n|t:|1711927558\n|switch|p1a: Blissey|Blissey, F|100\/100\n|move|p2a: Rotom|Pain Split|p1a: Blissey\n|-sethp|p1a: Blissey|58\/100|[from] move: Pain Split|[silent]\n|-sethp|p2a: Rotom|100\/100|[from] move: Pain Split\n|\n|upkeep\n|turn|6\n|\n|t:|1711927566\n|move|p2a: Rotom|Volt Switch|p1a: Blissey\n|-damage|p1a: Blissey|50\/100\n|\n|t:|1711927568\n|switch|p2a: Melmetal|Melmetal|65\/100|[from] Volt Switch\n|move|p1a: Blissey|Soft-Boiled|p1a: Blissey\n|-heal|p1a: Blissey|99\/100\n|\n|-heal|p2a: Melmetal|72\/100|[from] item: Leftovers\n|upkeep\n|turn|7\n|\n|t:|1711927577\n|move|p2a: Melmetal|Thunder Punch|p1a: Blissey\n|-damage|p1a: Blissey|71\/100\n|move|p1a: Blissey|Counter|p2a: Melmetal\n|-damage|p2a: Melmetal|0 fnt\n|faint|p2a: Melmetal\n|\n|upkeep\n|c|\u2606THE PDC SHOW|fuk\n|\n|t:|1711927585\n|switch|p2a: Clefable|Clefable, F|100\/100\n|turn|8\n|\n|t:|1711927589\n|move|p2a: Clefable|Stealth Rock|p1a: Blissey\n|-sidestart|p1: Luigi9878|move: Stealth Rock\n|move|p1a: Blissey|Seismic Toss|p2a: Clefable\n|-damage|p2a: Clefable|75\/100\n|-damage|p1a: Blissey|54\/100|[from] item: Rocky Helmet|[of] p2a: Clefable\n|\n|upkeep\n|turn|9\n|\n|t:|1711927597\n|switch|p1a: Diggersby|Diggersby, M|100\/100\n|-damage|p1a: Diggersby|94\/100|[from] Stealth Rock\n|move|p2a: Clefable|Knock Off|p1a: Diggersby\n|-damage|p1a: Diggersby|74\/100\n|-enditem|p1a: Diggersby|Life Orb|[from] move: Knock Off|[of] p2a: Clefable\n|\n|upkeep\n|turn|10\n|\n|t:|1711927605\n|switch|p2a: Rotom|Rotom-Wash|100\/100\n|move|p1a: Diggersby|Mega Kick|p2a: Rotom\n|-damage|p2a: Rotom|36\/100\n|\n|-heal|p2a: Rotom|42\/100|[from] item: Leftovers\n|upkeep\n|turn|11\n|\n|t:|1711927616\n|switch|p1a: Blissey|Blissey, F|54\/100\n|-damage|p1a: Blissey|42\/100|[from] Stealth Rock\n|switch|p2a: Dragapult|Dragapult, F|100\/100\n|\n|upkeep\n|turn|12\n|\n|t:|1711927624\n|switch|p2a: Rotom|Rotom-Wash|42\/100\n|move|p1a: Blissey|Soft-Boiled|p1a: Blissey\n|-heal|p1a: Blissey|92\/100\n|\n|-heal|p2a: Rotom|49\/100|[from] item: Leftovers\n|upkeep\n|turn|13\n|\n|t:|1711927633\n|move|p2a: Rotom|Pain Split|p1a: Blissey\n|-sethp|p1a: Blissey|56\/100|[from] move: Pain Split|[silent]\n|-sethp|p2a: Rotom|100\/100|[from] move: Pain Split\n|move|p1a: Blissey|Toxic|p2a: Rotom|[miss]\n|-miss|p1a: Blissey|p2a: Rotom\n|\n|upkeep\n|turn|14\n|\n|t:|1711927640\n|move|p2a: Rotom|Volt Switch|p1a: Blissey\n|-damage|p1a: Blissey|47\/100\n|\n|t:|1711927642\n|switch|p2a: Heatran|Heatran, F|100\/100|[from] Volt Switch\n|move|p1a: Blissey|Soft-Boiled|p1a: Blissey\n|-heal|p1a: Blissey|97\/100\n|\n|upkeep\n|turn|15\n|\n|t:|1711927650\n|move|p2a: Heatran|Earth Power|p1a: Blissey\n|-damage|p1a: Blissey|88\/100\n|move|p1a: Blissey|Seismic Toss|p2a: Heatran\n|-damage|p2a: Heatran|75\/100\n|\n|-heal|p2a: Heatran|81\/100|[from] item: Leftovers\n|upkeep\n|turn|16\n|\n|t:|1711927661\n|move|p2a: Heatran|Magma Storm|p1a: Blissey\n|-damage|p1a: Blissey|72\/100\n|-activate|p1a: Blissey|move: Magma Storm|[of] p2a: Heatran\n|move|p1a: Blissey|Seismic Toss|p2a: Heatran\n|-damage|p2a: Heatran|55\/100\n|\n|-heal|p2a: Heatran|61\/100|[from] item: Leftovers\n|-damage|p1a: Blissey|60\/100|[from] move: Magma Storm|[partiallytrapped]\n|upkeep\n|turn|17\n|\n|t:|1711927672\n|move|p2a: Heatran|Taunt|p1a: Blissey\n|-start|p1a: Blissey|move: Taunt\n|move|p1a: Blissey|Seismic Toss|p2a: Heatran\n|-damage|p2a: Heatran|35\/100\n|\n|-heal|p2a: Heatran|41\/100|[from] item: Leftovers\n|-damage|p1a: Blissey|48\/100|[from] move: Magma Storm|[partiallytrapped]\n|upkeep\n|turn|18\n|\n|t:|1711927682\n|move|p2a: Heatran|Magma Storm|p1a: Blissey\n|-damage|p1a: Blissey|31\/100\n|move|p1a: Blissey|Seismic Toss|p2a: Heatran\n|-damage|p2a: Heatran|16\/100\n|\n|-heal|p2a: Heatran|22\/100|[from] item: Leftovers\n|-damage|p1a: Blissey|18\/100|[from] move: Magma Storm|[partiallytrapped]\n|upkeep\n|turn|19\n|\n|t:|1711927691\n|switch|p2a: Clefable|Clefable, F|75\/100\n|move|p1a: Blissey|Seismic Toss|p2a: Clefable\n|-damage|p2a: Clefable|50\/100\n|-damage|p1a: Blissey|2\/100|[from] item: Rocky Helmet|[of] p2a: Clefable\n|\n|-end|p1a: Blissey|Magma Storm|[partiallytrapped]|[silent]\n|-end|p1a: Blissey|move: Taunt\n|upkeep\n|turn|20\n|\n|t:|1711927701\n|move|p2a: Clefable|Moonblast|p1a: Blissey\n|-damage|p1a: Blissey|0 fnt\n|faint|p1a: Blissey\n|\n|upkeep\n|\n|t:|1711927707\n|switch|p1a: Diggersby|Diggersby, M|74\/100\n|-damage|p1a: Diggersby|68\/100|[from] Stealth Rock\n|turn|21\n|\n|t:|1711927712\n|switch|p2a: Dragapult|Dragapult, F|100\/100\n|move|p1a: Diggersby|Mega Kick|p2a: Dragapult\n|-immune|p2a: Dragapult\n|\n|upkeep\n|turn|22\n|\n|t:|1711927722\n|switch|p1a: Chansey|Chansey, F|100\/100\n|-damage|p1a: Chansey|88\/100|[from] Stealth Rock\n|move|p2a: Dragapult|Draco Meteor|p1a: Chansey\n|-damage|p1a: Chansey|63\/100\n|-unboost|p2a: Dragapult|spa|2\n|\n|upkeep\n|turn|23\n|\n|t:|1711927734\n|switch|p1a: Diggersby|Diggersby, M|68\/100\n|-damage|p1a: Diggersby|62\/100|[from] Stealth Rock\n|move|p2a: Dragapult|Draco Meteor|p1a: Diggersby\n|-damage|p1a: Diggersby|9\/100\n|-unboost|p2a: Dragapult|spa|2\n|\n|upkeep\n|turn|24\n|\n|t:|1711927750\n|move|p2a: Dragapult|Draco Meteor|p1a: Diggersby\n|-damage|p1a: Diggersby|0 fnt\n|-unboost|p2a: Dragapult|spa|2\n|faint|p1a: Diggersby\n|\n|upkeep\n|\n|t:|1711927757\n|switch|p1a: Dragapult|Dragapult, M|83\/100\n|-damage|p1a: Dragapult|71\/100|[from] Stealth Rock\n|turn|25\n|\n|t:|1711927762\n|switch|p2a: Heatran|Heatran, F|22\/100\n|move|p1a: Dragapult|Shadow Ball|p2a: Heatran\n|-damage|p2a: Heatran|0 fnt\n|faint|p2a: Heatran\n|\n|upkeep\n|\n|t:|1711927765\n|switch|p2a: Landorus|Landorus-Therian, M|100\/100\n|-ability|p2a: Landorus|Intimidate|boost\n|-unboost|p1a: Dragapult|atk|1\n|turn|26\n|\n|t:|1711927774\n|switch|p1a: Corviknight|Corviknight, M|62\/100\n|-damage|p1a: Corviknight|49\/100|[from] Stealth Rock\n|move|p2a: Landorus|Earthquake|p1a: Corviknight\n|-immune|p1a: Corviknight\n|\n|upkeep\n|turn|27\n|\n|t:|1711927784\n|switch|p2a: Clefable|Clefable, F|50\/100\n|move|p1a: Corviknight|Defog|p2a: Clefable\n|-unboost|p2a: Clefable|evasion|1\n|-sideend|p1: Luigi9878|Stealth Rock|[from] move: Defog|[of] p1a: Corviknight\n|\n|upkeep\n|turn|28\n|\n|t:|1711927793\n|move|p1a: Corviknight|Roost|p1a: Corviknight\n|-heal|p1a: Corviknight|99\/100\n|-singleturn|p1a: Corviknight|move: Roost\n|move|p2a: Clefable|Soft-Boiled|p2a: Clefable\n|-heal|p2a: Clefable|99\/100\n|\n|upkeep\n|turn|29\n|\n|t:|1711927802\n|switch|p1a: Chansey|Chansey, F|63\/100\n|move|p2a: Clefable|Stealth Rock|p1a: Chansey\n|-sidestart|p1: Luigi9878|move: Stealth Rock\n|\n|upkeep\n|turn|30\n|\n|t:|1711927808\n|move|p2a: Clefable|Knock Off|p1a: Chansey\n|-damage|p1a: Chansey|53\/100\n|-enditem|p1a: Chansey|Eviolite|[from] move: Knock Off|[of] p2a: Clefable\n|move|p1a: Chansey|Soft-Boiled|p1a: Chansey\n|-heal|p1a: Chansey|100\/100\n|\n|upkeep\n|turn|31\n|\n|t:|1711927818\n|move|p2a: Clefable|Moonblast|p1a: Chansey\n|-crit|p1a: Chansey\n|-damage|p1a: Chansey|78\/100\n|-unboost|p1a: Chansey|spa|1\n|move|p1a: Chansey|Toxic|p2a: Clefable\n|-status|p2a: Clefable|tox\n|\n|upkeep\n|turn|32\n|\n|t:|1711927832\n|switch|p2a: Rotom|Rotom-Wash|100\/100\n|switch|p1a: Ditto|Ditto|100\/100\n|-damage|p1a: Ditto|88\/100|[from] Stealth Rock\n|-transform|p1a: Ditto|p2a: Rotom|[from] ability: Imposter\n|\n|upkeep\n|turn|33\n|\n|t:|1711927846\n|move|p1a: Ditto|Volt Switch|p2a: Rotom\n|-damage|p2a: Rotom|76\/100\n|\n|t:|1711927850\n|switch|p1a: Chansey|Chansey, F|78\/100|[from] Volt Switch\n|-damage|p1a: Chansey|66\/100|[from] Stealth Rock\n|move|p2a: Rotom|Volt Switch|p1a: Chansey\n|-damage|p1a: Chansey|54\/100\n|\n|t:|1711927866\n|switch|p2a: Dragapult|Dragapult, F|100\/100|[from] Volt Switch\n|\n|upkeep\n|turn|34\n|\n|t:|1711927871\n|move|p2a: Dragapult|U-turn|p1a: Chansey\n|-damage|p1a: Chansey|36\/100\n|\n|t:|1711927874\n|switch|p2a: Landorus|Landorus-Therian, M|100\/100|[from] U-turn\n|-ability|p2a: Landorus|Intimidate|boost\n|-unboost|p1a: Chansey|atk|1\n|move|p1a: Chansey|Soft-Boiled|p1a: Chansey\n|-heal|p1a: Chansey|86\/100\n|\n|upkeep\n|turn|35\n|\n|t:|1711927883\n|switch|p2a: Clefable|Clefable, F|99\/100 tox\n|move|p1a: Chansey|Counter||[still]\n|-fail|p1a: Chansey\n|\n|upkeep\n|turn|36\n|\n|t:|1711927905\n|switch|p1a: Ditto|Ditto|88\/100\n|-damage|p1a: Ditto|76\/100|[from] Stealth Rock\n|-transform|p1a: Ditto|p2a: Clefable|[from] ability: Imposter\n|move|p2a: Clefable|Moonblast|p1a: Ditto\n|-damage|p1a: Ditto|36\/100\n|\n|upkeep\n|turn|37\n|\n|t:|1711927916\n|move|p1a: Ditto|Soft-Boiled|p1a: Ditto\n|-heal|p1a: Ditto|86\/100\n|move|p2a: Clefable|Moonblast|p1a: Ditto\n|-damage|p1a: Ditto|51\/100\n|-unboost|p1a: Ditto|spa|1\n|\n|upkeep\n|turn|38\n|\n|t:|1711927923\n|move|p1a: Ditto|Soft-Boiled|p1a: Ditto\n|-heal|p1a: Ditto|100\/100\n|move|p2a: Clefable|Moonblast|p1a: Ditto\n|-damage|p1a: Ditto|62\/100\n|\n|upkeep\n|turn|39\n|\n|t:|1711927931\n|move|p1a: Ditto|Soft-Boiled|p1a: Ditto\n|-heal|p1a: Ditto|100\/100\n|move|p2a: Clefable|Moonblast|p1a: Ditto\n|-damage|p1a: Ditto|60\/100\n|\n|upkeep\n|turn|40\n|\n|t:|1711927938\n|switch|p1a: Chansey|Chansey, F|86\/100\n|-damage|p1a: Chansey|74\/100|[from] Stealth Rock\n|move|p2a: Clefable|Moonblast|p1a: Chansey\n|-damage|p1a: Chansey|58\/100\n|-unboost|p1a: Chansey|spa|1\n|\n|upkeep\n|turn|41\n|\n|t:|1711927947\n|switch|p2a: Rotom|Rotom-Wash|76\/100\n|move|p1a: Chansey|Soft-Boiled|p1a: Chansey\n|-heal|p1a: Chansey|100\/100\n|\n|-heal|p2a: Rotom|83\/100|[from] item: Leftovers\n|upkeep\n|turn|42\n|\n|t:|1711927955\n|move|p2a: Rotom|Volt Switch|p1a: Chansey\n|-damage|p1a: Chansey|89\/100\n|\n|t:|1711927957\n|switch|p2a: Clefable|Clefable, F|99\/100 tox|[from] Volt Switch\n|move|p1a: Chansey|Toxic|p2a: Clefable\n|-fail|p2a: Clefable|tox\n|\n|upkeep\n|turn|43\n|\n|t:|1711927965\n|switch|p1a: Ditto|Ditto|60\/100\n|-damage|p1a: Ditto|48\/100|[from] Stealth Rock\n|-transform|p1a: Ditto|p2a: Clefable|[from] ability: Imposter\n|move|p2a: Clefable|Knock Off|p1a: Ditto\n|-resisted|p1a: Ditto\n|-damage|p1a: Ditto|40\/100\n|-enditem|p1a: Ditto|Choice Scarf|[from] move: Knock Off|[of] p2a: Clefable\n|\n|upkeep\n|turn|44\n|\n|t:|1711927977\n|move|p2a: Clefable|Moonblast|p1a: Ditto\n|-damage|p1a: Ditto|3\/100\n|move|p1a: Ditto|Soft-Boiled|p1a: Ditto\n|-heal|p1a: Ditto|53\/100\n|\n|upkeep\n|turn|45\n|\n|t:|1711927983\n|move|p1a: Ditto|Soft-Boiled|p1a: Ditto\n|-heal|p1a: Ditto|100\/100\n|move|p2a: Clefable|Moonblast|p1a: Ditto\n|-damage|p1a: Ditto|60\/100\n|-unboost|p1a: Ditto|spa|1\n|\n|upkeep\n|turn|46\n|\n|t:|1711927992\n|switch|p2a: Landorus|Landorus-Therian, M|100\/100\n|-ability|p2a: Landorus|Intimidate|boost\n|-unboost|p1a: Ditto|atk|1\n|move|p1a: Ditto|Stealth Rock|p2a: Landorus\n|-sidestart|p2: THE PDC SHOW|move: Stealth Rock\n|\n|upkeep\n|turn|47\n|\n|t:|1711928001\n|switch|p1a: Corviknight|Corviknight, M|99\/100\n|-damage|p1a: Corviknight|87\/100|[from] Stealth Rock\n|move|p2a: Landorus|Earthquake|p1a: Corviknight\n|-immune|p1a: Corviknight\n|\n|upkeep\n|turn|48\n|\n|t:|1711928016\n|switch|p2a: Rotom|Rotom-Wash|83\/100\n|-damage|p2a: Rotom|70\/100|[from] Stealth Rock\n|move|p1a: Corviknight|Roost|p1a: Corviknight\n|-heal|p1a: Corviknight|100\/100\n|-singleturn|p1a: Corviknight|move: Roost\n|\n|-heal|p2a: Rotom|76\/100|[from] item: Leftovers\n|upkeep\n|turn|49\n|inactive|THE PDC SHOW has 270 seconds left.\n|inactive|THE PDC SHOW has 240 seconds left.\n|inactive|THE PDC SHOW has 210 seconds left.\n|\n|t:|1711928133\n|switch|p1a: Dragapult|Dragapult, M|71\/100\n|-damage|p1a: Dragapult|59\/100|[from] Stealth Rock\n|move|p2a: Rotom|Pain Split|p1a: Dragapult\n|-sethp|p1a: Dragapult|66\/100|[from] move: Pain Split|[silent]\n|-sethp|p2a: Rotom|69\/100|[from] move: Pain Split\n|\n|-heal|p2a: Rotom|75\/100|[from] item: Leftovers\n|upkeep\n|turn|50\n|\n|t:|1711928147\n|move|p1a: Dragapult|Shadow Ball|p2a: Rotom\n|-damage|p2a: Rotom|19\/100\n|move|p2a: Rotom|Volt Switch|p1a: Dragapult\n|-resisted|p1a: Dragapult\n|-damage|p1a: Dragapult|48\/100\n|\n|t:|1711928150\n|switch|p2a: Landorus|Landorus-Therian, M|100\/100|[from] Volt Switch\n|-damage|p2a: Landorus|88\/100|[from] Stealth Rock\n|-ability|p2a: Landorus|Intimidate|boost\n|-unboost|p1a: Dragapult|atk|1\n|\n|-heal|p2a: Landorus|94\/100|[from] item: Leftovers\n|upkeep\n|turn|51\n|\n|t:|1711928161\n|switch|p1a: Corviknight|Corviknight, M|100\/100\n|-damage|p1a: Corviknight|88\/100|[from] Stealth Rock\n|move|p2a: Landorus|U-turn|p1a: Corviknight\n|-resisted|p1a: Corviknight\n|-damage|p1a: Corviknight|85\/100\n|-damage|p2a: Landorus|78\/100|[from] item: Rocky Helmet|[of] p1a: Corviknight\n|\n|t:|1711928164\n|switch|p2a: Rotom|Rotom-Wash|19\/100|[from] U-turn\n|-damage|p2a: Rotom|7\/100|[from] Stealth Rock\n|\n|-heal|p2a: Rotom|13\/100|[from] item: Leftovers\n|upkeep\n|turn|52\n|\n|t:|1711928177\n|move|p2a: Rotom|Volt Switch|p1a: Corviknight\n|-supereffective|p1a: Corviknight\n|-damage|p1a: Corviknight|40\/100\n|\n|t:|1711928179\n|switch|p2a: Dragapult|Dragapult, F|100\/100|[from] Volt Switch\n|-damage|p2a: Dragapult|88\/100|[from] Stealth Rock\n|move|p1a: Corviknight|Body Press|p2a: Dragapult\n|-immune|p2a: Dragapult\n|\n|upkeep\n|turn|53\n|\n|t:|1711928188\n|switch|p1a: Chansey|Chansey, F|89\/100\n|-damage|p1a: Chansey|77\/100|[from] Stealth Rock\n|move|p2a: Dragapult|Draco Meteor|p1a: Chansey|[miss]\n|-miss|p2a: Dragapult|p1a: Chansey\n|\n|upkeep\n|turn|54\n|c|\u2606THE PDC SHOW|i think i lose\n|-message|THE PDC SHOW forfeited.\n|\n|win|Luigi9878\n","uploadtime":1711928196,"views":0,"formatid":"gen8ou","rating":null,"private":0,"password":null}