{"id":"gen9almostanyability-2093257698","format":"[Gen 9] Almost Any Ability","players":["ban drizzle lol","theironpikachu"],"log":"|j|\u2606ban drizzle lol@!\n|j|\u2606theironpikachu\n|inactive|Battle timer is ON: inactive players will automatically lose when time's up.\n|t:|1711931184\n|gametype|singles\n|player|p1|ban drizzle lol|youngn|\n|player|p2|theironpikachu|may-masters|\n|teamsize|p1|6\n|teamsize|p2|6\n|gen|9\n|tier|[Gen 9] Almost Any Ability\n|rated|Tournament battle\n|rule|Species Clause: Limit one of each Pok\u00e9mon\n|rule|OHKO Clause: OHKO moves are banned\n|rule|Evasion Moves Clause: Evasion moves are banned\n|rule|Endless Battle Clause: Forcing endless battles is banned\n|rule|HP Percentage Mod: HP is shown in percentages\n|rule|1 Ability Clause: Limit 1 of each ability\n|rule|Sleep Moves Clause: Sleep-inducing moves are banned\n|rule|Terastal Clause: You cannot Terastallize\n|clearpoke\n|poke|p1|Hippowdon, F|\n|poke|p1|Corviknight, F|\n|poke|p1|Muk-Alola, F|\n|poke|p1|Moltres|\n|poke|p1|Slither Wing|\n|poke|p1|Gholdengo|\n|poke|p2|Dragonite, M|\n|poke|p2|Corviknight, M|\n|poke|p2|Zamazenta-*|\n|poke|p2|Manaphy|\n|poke|p2|Great Tusk|\n|poke|p2|Greninja-*, F|\n|teampreview\n|j| BB-8-NU\n|j|*Lady Monita \u2746\n|inactive|theironpikachu also wants the timer to be on.\n|j| justchilln29\n|c|\u2606theironpikachu|glhf\n|j| skierdude101\n|j|%DanDaMan99\n|j| ryus0ken\n|c|\u2606ban drizzle lol|u2\n|l|%DanDaMan99\n|j| Novax_Og\n|j|+gewwge\n|\n|t:|1711931201\n|start\n|switch|p1a: Slither Wing|Slither Wing|100\/100\n|switch|p2a: Great Tusk|Great Tusk|100\/100\n|turn|1\n|j| ValhallaAsgardian\n|\n|t:|1711931219\n|move|p2a: Great Tusk|Stealth Rock|p1a: Slither Wing\n|-sidestart|p1: ban drizzle lol|move: Stealth Rock\n|move|p1a: Slither Wing|U-turn|p2a: Great Tusk\n|-resisted|p2a: Great Tusk\n|-damage|p2a: Great Tusk|79\/100\n|\n|t:|1711931225\n|switch|p1a: Corviknight|Corviknight, F|100\/100|[from] U-turn\n|-damage|p1a: Corviknight|88\/100|[from] Stealth Rock\n|-ability|p1a: Corviknight|Intimidate|boost\n|-unboost|p2a: Great Tusk|atk|1\n|\n|-heal|p2a: Great Tusk|86\/100|[from] item: Leftovers\n|-heal|p1a: Corviknight|94\/100|[from] item: Leftovers\n|upkeep\n|turn|2\n|\n|t:|1711931248\n|move|p2a: Great Tusk|Knock Off|p1a: Corviknight\n|-damage|p1a: Corviknight|81\/100\n|-enditem|p1a: Corviknight|Leftovers|[from] move: Knock Off|[of] p2a: Great Tusk\n|move|p1a: Corviknight|Defog|p2a: Great Tusk\n|-unboost|p2a: Great Tusk|evasion|1\n|-sideend|p1: ban drizzle lol|Stealth Rock|[from] move: Defog|[of] p1a: Corviknight\n|\n|-heal|p2a: Great Tusk|92\/100|[from] item: Leftovers\n|upkeep\n|turn|3\n|\n|t:|1711931255\n|switch|p2a: Corviknight|Corviknight, M|100\/100\n|-ability|p2a: Corviknight|Intimidate|boost\n|-unboost|p1a: Corviknight|atk|1\n|move|p1a: Corviknight|U-turn|p2a: Corviknight\n|-resisted|p2a: Corviknight\n|-damage|p2a: Corviknight|99\/100\n|-damage|p1a: Corviknight|65\/100|[from] item: Rocky Helmet|[of] p2a: Corviknight\n|\n|t:|1711931260\n|switch|p1a: Moltres|Moltres|100\/100|[from] U-turn\n|\n|upkeep\n|turn|4\n|\n|t:|1711931270\n|switch|p2a: Manaphy|Manaphy|100\/100\n|move|p1a: Moltres|Brave Bird|p2a: Manaphy\n|-damage|p2a: Manaphy|44\/100\n|\n|upkeep\n|turn|5\n|\n|t:|1711931279\n|switch|p2a: Corviknight|Corviknight, M|99\/100\n|-ability|p2a: Corviknight|Intimidate|boost\n|-unboost|p1a: Moltres|atk|1\n|move|p1a: Moltres|Will-O-Wisp|p2a: Corviknight\n|-status|p2a: Corviknight|brn\n|\n|-damage|p2a: Corviknight|93\/100 brn|[from] brn\n|upkeep\n|turn|6\n|\n|t:|1711931300\n|switch|p1a: Corviknight|Corviknight, F|65\/100\n|-ability|p1a: Corviknight|Intimidate|boost\n|-unboost|p2a: Corviknight|atk|1\n|move|p2a: Corviknight|U-turn|p1a: Corviknight\n|-resisted|p1a: Corviknight\n|-damage|p1a: Corviknight|64\/100\n|j| ThePlumber7\n|l| ThePlumber7\n|inactive|theironpikachu has 120 seconds left.\n|\n|t:|1711931328\n|switch|p2a: Greninja|Greninja, F|100\/100|[from] U-turn\n|\n|upkeep\n|turn|7\n|j|@Jadino\n|\n|t:|1711931341\n|switch|p1a: Muk|Muk-Alola, F|100\/100\n|move|p2a: Greninja|Hydro Pump|p1a: Muk\n|-damage|p1a: Muk|75\/100\n|-damage|p2a: Greninja|91\/100|[from] item: Life Orb\n|\n|upkeep\n|turn|8\n|j| BloodAce\n|\n|t:|1711931357\n|move|p2a: Greninja|U-turn|p1a: Muk\n|-damage|p1a: Muk|57\/100\n|-damage|p2a: Greninja|81\/100|[from] item: Life Orb\n|\n|t:|1711931366\n|switch|p2a: Zamazenta|Zamazenta|100\/100|[from] U-turn\n|-ability|p2a: Zamazenta|Sword of Ruin\n|move|p1a: Muk|Knock Off|p2a: Zamazenta\n|-resisted|p2a: Zamazenta\n|-damage|p2a: Zamazenta|85\/100\n|-enditem|p2a: Zamazenta|Choice Band|[from] move: Knock Off|[of] p1a: Muk\n|\n|upkeep\n|turn|9\n|l| BloodAce\n|\n|t:|1711931383\n|switch|p1a: Corviknight|Corviknight, F|64\/100\n|-ability|p1a: Corviknight|Intimidate|boost\n|-unboost|p2a: Zamazenta|atk|1\n|move|p2a: Zamazenta|Close Combat|p1a: Corviknight\n|-damage|p1a: Corviknight|33\/100\n|-unboost|p2a: Zamazenta|def|1\n|-unboost|p2a: Zamazenta|spd|1\n|\n|upkeep\n|turn|10\n|\n|t:|1711931394\n|move|p2a: Zamazenta|Close Combat|p1a: Corviknight\n|-damage|p1a: Corviknight|1\/100\n|-unboost|p2a: Zamazenta|def|1\n|-unboost|p2a: Zamazenta|spd|1\n|move|p1a: Corviknight|Roost|p1a: Corviknight\n|-heal|p1a: Corviknight|51\/100\n|-singleturn|p1a: Corviknight|move: Roost\n|\n|upkeep\n|turn|11\n|\n|t:|1711931400\n|switch|p2a: Corviknight|Corviknight, M|93\/100 brn\n|-ability|p2a: Corviknight|Intimidate|boost\n|-unboost|p1a: Corviknight|atk|1\n|move|p1a: Corviknight|Roost|p1a: Corviknight\n|-heal|p1a: Corviknight|100\/100\n|-singleturn|p1a: Corviknight|move: Roost\n|\n|-damage|p2a: Corviknight|87\/100 brn|[from] brn\n|upkeep\n|turn|12\n|\n|t:|1711931409\n|move|p2a: Corviknight|U-turn|p1a: Corviknight\n|-resisted|p1a: Corviknight\n|-damage|p1a: Corviknight|99\/100\n|inactive|theironpikachu has 120 seconds left.\n|\n|t:|1711931421\n|switch|p2a: Manaphy|Manaphy|77\/100|[from] U-turn\n|move|p1a: Corviknight|U-turn|p2a: Manaphy\n|-crit|p2a: Manaphy\n|-damage|p2a: Manaphy|57\/100\n|\n|t:|1711931426\n|switch|p1a: Slither Wing|Slither Wing|100\/100|[from] U-turn\n|\n|upkeep\n|turn|13\n|\n|t:|1711931437\n|switch|p2a: Great Tusk|Great Tusk|92\/100\n|move|p1a: Slither Wing|Close Combat|p2a: Great Tusk\n|-damage|p2a: Great Tusk|56\/100\n|-unboost|p1a: Slither Wing|def|1\n|-unboost|p1a: Slither Wing|spd|1\n|\n|-heal|p2a: Great Tusk|62\/100|[from] item: Leftovers\n|upkeep\n|turn|14\n|\n|t:|1711931445\n|switch|p1a: Corviknight|Corviknight, F|99\/100\n|-ability|p1a: Corviknight|Intimidate|boost\n|-unboost|p2a: Great Tusk|atk|1\n|move|p2a: Great Tusk|Knock Off|p1a: Corviknight\n|-crit|p1a: Corviknight\n|-damage|p1a: Corviknight|77\/100\n|\n|-heal|p2a: Great Tusk|68\/100|[from] item: Leftovers\n|upkeep\n|turn|15\n|\n|t:|1711931454\n|move|p2a: Great Tusk|Stealth Rock|p1a: Corviknight\n|-sidestart|p1: ban drizzle lol|move: Stealth Rock\n|move|p1a: Corviknight|Brave Bird|p2a: Great Tusk\n|-supereffective|p2a: Great Tusk\n|-damage|p2a: Great Tusk|41\/100\n|-damage|p1a: Corviknight|69\/100|[from] Recoil\n|\n|-heal|p2a: Great Tusk|47\/100|[from] item: Leftovers\n|upkeep\n|turn|16\n|\n|t:|1711931457\n|switch|p2a: Manaphy|Manaphy|90\/100\n|move|p1a: Corviknight|Defog|p2a: Manaphy\n|-unboost|p2a: Manaphy|evasion|1\n|-sideend|p1: ban drizzle lol|Stealth Rock|[from] move: Defog|[of] p1a: Corviknight\n|\n|upkeep\n|turn|17\n|\n|t:|1711931463\n|move|p2a: Manaphy|Scald|p1a: Corviknight\n|-damage|p1a: Corviknight|40\/100\n|-status|p1a: Corviknight|brn\n|move|p1a: Corviknight|Roost|p1a: Corviknight\n|-heal|p1a: Corviknight|90\/100 brn\n|-singleturn|p1a: Corviknight|move: Roost\n|\n|-damage|p1a: Corviknight|84\/100 brn|[from] brn\n|upkeep\n|turn|18\n|\n|t:|1711931469\n|move|p2a: Manaphy|Knock Off|p1a: Corviknight\n|-damage|p1a: Corviknight|75\/100 brn\n|move|p1a: Corviknight|U-turn|p2a: Manaphy\n|-damage|p2a: Manaphy|84\/100\n|j| ThePlumber7\n|\n|t:|1711931483\n|switch|p1a: Slither Wing|Slither Wing|100\/100|[from] U-turn\n|\n|upkeep\n|turn|19\n|\n|t:|1711931487\n|switch|p2a: Corviknight|Corviknight, M|87\/100 brn\n|-ability|p2a: Corviknight|Intimidate|boost\n|-unboost|p1a: Slither Wing|atk|1\n|move|p1a: Slither Wing|Close Combat|p2a: Corviknight\n|-damage|p2a: Corviknight|47\/100 brn\n|-unboost|p1a: Slither Wing|def|1\n|-unboost|p1a: Slither Wing|spd|1\n|-damage|p1a: Slither Wing|84\/100|[from] item: Rocky Helmet|[of] p2a: Corviknight\n|\n|-damage|p2a: Corviknight|41\/100 brn|[from] brn\n|upkeep\n|turn|20\n|j|%DanDaMan99\n|l|%DanDaMan99\n|\n|t:|1711931496\n|move|p1a: Slither Wing|Close Combat|p2a: Corviknight\n|-damage|p2a: Corviknight|0 fnt\n|-unboost|p1a: Slither Wing|def|1\n|-unboost|p1a: Slither Wing|spd|1\n|-damage|p1a: Slither Wing|68\/100|[from] item: Rocky Helmet|[of] p2a: Corviknight\n|faint|p2a: Corviknight\n|\n|upkeep\n|\n|t:|1711931499\n|switch|p2a: Dragonite|Dragonite, M|100\/100\n|turn|21\n|\n|t:|1711931506\n|switch|p1a: Corviknight|Corviknight, F|75\/100 brn\n|-ability|p1a: Corviknight|Intimidate|boost\n|-unboost|p2a: Dragonite|atk|1\n|move|p2a: Dragonite|Extreme Speed|p1a: Corviknight\n|-resisted|p1a: Corviknight\n|-damage|p1a: Corviknight|59\/100 brn\n|-damage|p2a: Dragonite|91\/100|[from] item: Life Orb\n|\n|-damage|p1a: Corviknight|53\/100 brn|[from] brn\n|upkeep\n|turn|22\n|l| ThePlumber7\n|\n|t:|1711931519\n|move|p2a: Dragonite|Thunderbolt|p1a: Corviknight\n|-supereffective|p1a: Corviknight\n|-damage|p1a: Corviknight|0 fnt\n|faint|p1a: Corviknight\n|-damage|p2a: Dragonite|81\/100|[from] item: Life Orb\n|\n|upkeep\n|\n|t:|1711931529\n|switch|p1a: Hippowdon|Hippowdon, F|100\/100\n|turn|23\n|\n|t:|1711931539\n|switch|p2a: Manaphy|Manaphy|100\/100\n|switch|p1a: Slither Wing|Slither Wing|68\/100\n|\n|upkeep\n|turn|24\n|\n|t:|1711931550\n|move|p1a: Slither Wing|U-turn|p2a: Manaphy\n|-damage|p2a: Manaphy|49\/100\n|l| Novax_Og\n|\n|t:|1711931557\n|switch|p1a: Muk|Muk-Alola, F|90\/100|[from] U-turn\n|move|p2a: Manaphy|U-turn|p1a: Muk\n|-damage|p1a: Muk|72\/100\n|\n|t:|1711931573\n|switch|p2a: Zamazenta|Zamazenta|85\/100|[from] U-turn\n|-ability|p2a: Zamazenta|Sword of Ruin\n|\n|upkeep\n|turn|25\n|j| bleahey\n|\n|t:|1711931595\n|switch|p1a: Hippowdon|Hippowdon, F|100\/100\n|move|p2a: Zamazenta|Close Combat|p1a: Hippowdon\n|-damage|p1a: Hippowdon|57\/100\n|-unboost|p2a: Zamazenta|def|1\n|-unboost|p2a: Zamazenta|spd|1\n|\n|-heal|p1a: Hippowdon|63\/100|[from] item: Leftovers\n|upkeep\n|turn|26\n|j| PokeArt2004\u2764\n|\n|t:|1711931604\n|switch|p2a: Manaphy|Manaphy|82\/100\n|move|p1a: Hippowdon|Slack Off|p1a: Hippowdon\n|-heal|p1a: Hippowdon|100\/100\n|\n|upkeep\n|turn|27\n|\n|t:|1711931611\n|switch|p1a: Gholdengo|Gholdengo|100\/100\n|move|p2a: Manaphy|Knock Off|p1a: Gholdengo\n|-supereffective|p1a: Gholdengo\n|-damage|p1a: Gholdengo|71\/100\n|-enditem|p1a: Gholdengo|Heavy-Duty Boots|[from] move: Knock Off|[of] p2a: Manaphy\n|\n|upkeep\n|turn|28\n|l| ValhallaAsgardian\n|\n|t:|1711931617\n|move|p1a: Gholdengo|Nasty Plot|p1a: Gholdengo\n|-boost|p1a: Gholdengo|spa|2\n|move|p2a: Manaphy|U-turn|p1a: Gholdengo\n|-resisted|p1a: Gholdengo\n|-damage|p1a: Gholdengo|68\/100\n|\n|t:|1711931626\n|switch|p2a: Greninja|Greninja, F|81\/100|[from] U-turn\n|\n|upkeep\n|turn|29\n|\n|t:|1711931629\n|move|p2a: Greninja|Dark Pulse|p1a: Gholdengo\n|-supereffective|p1a: Gholdengo\n|-damage|p1a: Gholdengo|0 fnt\n|faint|p1a: Gholdengo\n|\n|upkeep\n|\n|t:|1711931633\n|switch|p1a: Muk|Muk-Alola, F|100\/100\n|turn|30\n|\n|t:|1711931643\n|move|p2a: Greninja|U-turn|p1a: Muk\n|-damage|p1a: Muk|83\/100\n|-damage|p2a: Greninja|71\/100|[from] item: Life Orb\n|\n|t:|1711931647\n|switch|p2a: Manaphy|Manaphy|100\/100|[from] U-turn\n|move|p1a: Muk|Poison Fang|p2a: Manaphy\n|-damage|p2a: Manaphy|86\/100\n|\n|upkeep\n|turn|31\n|\n|t:|1711931649\n|move|p2a: Manaphy|Knock Off|p1a: Muk\n|-resisted|p1a: Muk\n|-damage|p1a: Muk|72\/100\n|-enditem|p1a: Muk|Assault Vest|[from] move: Knock Off|[of] p2a: Manaphy\n|move|p1a: Muk|Poison Fang|p2a: Manaphy\n|-damage|p2a: Manaphy|72\/100\n|-status|p2a: Manaphy|tox\n|\n|-damage|p2a: Manaphy|65\/100 tox|[from] psn\n|upkeep\n|turn|32\n|j| Novax_Og\n|l| Novax_Og\n|\n|t:|1711931677\n|move|p2a: Manaphy|Scald|p1a: Muk\n|-damage|p1a: Muk|54\/100\n|move|p1a: Muk|Knock Off|p2a: Manaphy\n|-damage|p2a: Manaphy|34\/100 tox\n|-enditem|p2a: Manaphy|Assault Vest|[from] move: Knock Off|[of] p1a: Muk\n|\n|-damage|p2a: Manaphy|22\/100 tox|[from] psn\n|upkeep\n|turn|33\n|\n|t:|1711931685\n|move|p2a: Manaphy|U-turn|p1a: Muk\n|-crit|p1a: Muk\n|-damage|p1a: Muk|29\/100\n|\n|t:|1711931687\n|switch|p2a: Zamazenta|Zamazenta|85\/100|[from] U-turn\n|-ability|p2a: Zamazenta|Sword of Ruin\n|move|p1a: Muk|Drain Punch|p2a: Zamazenta\n|-damage|p2a: Zamazenta|68\/100\n|-heal|p1a: Muk|36\/100|[from] drain|[of] p2a: Zamazenta\n|\n|upkeep\n|turn|34\n|j|#daki@!\n|\n|t:|1711931693\n|switch|p1a: Hippowdon|Hippowdon, F|100\/100\n|move|p2a: Zamazenta|Close Combat|p1a: Hippowdon\n|-damage|p1a: Hippowdon|58\/100\n|-unboost|p2a: Zamazenta|def|1\n|-unboost|p2a: Zamazenta|spd|1\n|\n|-heal|p1a: Hippowdon|64\/100|[from] item: Leftovers\n|upkeep\n|turn|35\n|\n|t:|1711931699\n|switch|p2a: Manaphy|Manaphy|55\/100 tox\n|move|p1a: Hippowdon|Earthquake|p2a: Manaphy\n|-damage|p2a: Manaphy|25\/100 tox\n|\n|-heal|p1a: Hippowdon|70\/100|[from] item: Leftovers\n|-damage|p2a: Manaphy|19\/100 tox|[from] psn\n|upkeep\n|turn|36\n|\n|t:|1711931714\n|move|p2a: Manaphy|U-turn|p1a: Hippowdon\n|-damage|p1a: Hippowdon|61\/100\n|l| justchilln29\n|\n|t:|1711931718\n|switch|p2a: Dragonite|Dragonite, M|81\/100|[from] U-turn\n|move|p1a: Hippowdon|Rock Slide|p2a: Dragonite\n|-supereffective|p2a: Dragonite\n|-damage|p2a: Dragonite|39\/100\n|\n|-heal|p1a: Hippowdon|67\/100|[from] item: Leftovers\n|upkeep\n|turn|37\n|\n|t:|1711931725\n|move|p2a: Dragonite|Roost|p2a: Dragonite\n|-heal|p2a: Dragonite|89\/100\n|-singleturn|p2a: Dragonite|move: Roost\n|move|p1a: Hippowdon|Slack Off|p1a: Hippowdon\n|-heal|p1a: Hippowdon|100\/100\n|\n|upkeep\n|turn|38\n|\n|t:|1711931753\n|move|p2a: Dragonite|Earthquake|p1a: Hippowdon\n|-damage|p1a: Hippowdon|72\/100\n|-damage|p2a: Dragonite|79\/100|[from] item: Life Orb\n|move|p1a: Hippowdon|Curse|p1a: Hippowdon\n|-unboost|p1a: Hippowdon|spe|1\n|-boost|p1a: Hippowdon|atk|1\n|-boost|p1a: Hippowdon|def|1\n|\n|-heal|p1a: Hippowdon|78\/100|[from] item: Leftovers\n|upkeep\n|turn|39\n|\n|t:|1711931758\n|switch|p2a: Manaphy|Manaphy|52\/100 tox\n|move|p1a: Hippowdon|Earthquake|p2a: Manaphy\n|-damage|p2a: Manaphy|1\/100 tox\n|\n|-heal|p1a: Hippowdon|84\/100|[from] item: Leftovers\n|-damage|p2a: Manaphy|0 fnt|[from] psn\n|faint|p2a: Manaphy\n|upkeep\n|j|%cjw405\n|j| Vaporeonds\n|\n|t:|1711931770\n|switch|p2a: Greninja|Greninja, F|71\/100\n|turn|40\n|j| justchilln29\n|\n|t:|1711931775\n|switch|p1a: Muk|Muk-Alola, F|69\/100\n|move|p2a: Greninja|Hydro Pump|p1a: Muk\n|-damage|p1a: Muk|35\/100\n|-damage|p2a: Greninja|61\/100|[from] item: Life Orb\n|\n|upkeep\n|turn|41\n|j| pokecypher2016\n|j| Novax_Og\n|\n|t:|1711931792\n|switch|p1a: Slither Wing|Slither Wing|68\/100\n|move|p2a: Greninja|Hydro Pump|p1a: Slither Wing\n|-damage|p1a: Slither Wing|1\/100\n|-damage|p2a: Greninja|51\/100|[from] item: Life Orb\n|\n|upkeep\n|turn|42\n|j| sheninja men\n|inactive|theironpikachu has 120 seconds left.\n|l| sheninja men\n|\n|t:|1711931818\n|move|p1a: Slither Wing|First Impression|p2a: Greninja\n|-supereffective|p2a: Greninja\n|-damage|p2a: Greninja|0 fnt\n|faint|p2a: Greninja\n|\n|upkeep\n|\n|t:|1711931820\n|switch|p2a: Dragonite|Dragonite, M|79\/100\n|turn|43\n|\n|t:|1711931830\n|switch|p1a: Muk|Muk-Alola, F|68\/100\n|move|p2a: Dragonite|Earthquake|p1a: Muk\n|-supereffective|p1a: Muk\n|-damage|p1a: Muk|0 fnt\n|faint|p1a: Muk\n|-damage|p2a: Dragonite|70\/100|[from] item: Life Orb\n|\n|upkeep\n|\n|t:|1711931833\n|switch|p1a: Hippowdon|Hippowdon, F|84\/100\n|turn|44\n|\n|t:|1711931842\n|switch|p2a: Great Tusk|Great Tusk|47\/100\n|move|p1a: Hippowdon|Curse|p1a: Hippowdon\n|-unboost|p1a: Hippowdon|spe|1\n|-boost|p1a: Hippowdon|atk|1\n|-boost|p1a: Hippowdon|def|1\n|\n|-heal|p2a: Great Tusk|53\/100|[from] item: Leftovers\n|-heal|p1a: Hippowdon|90\/100|[from] item: Leftovers\n|upkeep\n|turn|45\n|\n|t:|1711931848\n|move|p2a: Great Tusk|Stealth Rock|p1a: Hippowdon\n|-sidestart|p1: ban drizzle lol|move: Stealth Rock\n|move|p1a: Hippowdon|Earthquake|p2a: Great Tusk\n|-damage|p2a: Great Tusk|12\/100\n|\n|-heal|p2a: Great Tusk|19\/100|[from] item: Leftovers\n|-heal|p1a: Hippowdon|96\/100|[from] item: Leftovers\n|upkeep\n|turn|46\n|\n|t:|1711931854\n|move|p2a: Great Tusk|Knock Off|p1a: Hippowdon\n|-damage|p1a: Hippowdon|85\/100\n|-enditem|p1a: Hippowdon|Leftovers|[from] move: Knock Off|[of] p2a: Great Tusk\n|move|p1a: Hippowdon|Earthquake|p2a: Great Tusk\n|-damage|p2a: Great Tusk|0 fnt\n|faint|p2a: Great Tusk\n|\n|upkeep\n|\n|t:|1711931862\n|switch|p2a: Zamazenta|Zamazenta|68\/100\n|-ability|p2a: Zamazenta|Sword of Ruin\n|turn|47\n|\n|t:|1711931871\n|move|p2a: Zamazenta|Close Combat|p1a: Hippowdon\n|-crit|p1a: Hippowdon\n|-damage|p1a: Hippowdon|26\/100\n|-unboost|p2a: Zamazenta|def|1\n|-unboost|p2a: Zamazenta|spd|1\n|move|p1a: Hippowdon|Slack Off|p1a: Hippowdon\n|-heal|p1a: Hippowdon|76\/100\n|\n|upkeep\n|turn|48\n|\n|t:|1711931877\n|move|p2a: Zamazenta|Close Combat|p1a: Hippowdon\n|-damage|p1a: Hippowdon|48\/100\n|-unboost|p2a: Zamazenta|def|1\n|-unboost|p2a: Zamazenta|spd|1\n|move|p1a: Hippowdon|Slack Off|p1a: Hippowdon\n|-heal|p1a: Hippowdon|98\/100\n|\n|upkeep\n|turn|49\n|\n|t:|1711931880\n|move|p2a: Zamazenta|Close Combat|p1a: Hippowdon\n|-damage|p1a: Hippowdon|72\/100\n|-unboost|p2a: Zamazenta|def|1\n|-unboost|p2a: Zamazenta|spd|1\n|move|p1a: Hippowdon|Earthquake|p2a: Zamazenta\n|-damage|p2a: Zamazenta|12\/100\n|\n|upkeep\n|turn|50\n|c|\u2606theironpikachu|ggwp\n|\n|t:|1711931886\n|move|p2a: Zamazenta|Close Combat|p1a: Hippowdon\n|-damage|p1a: Hippowdon|44\/100\n|-unboost|p2a: Zamazenta|def|1\n|-unboost|p2a: Zamazenta|spd|1\n|move|p1a: Hippowdon|Slack Off|p1a: Hippowdon\n|-heal|p1a: Hippowdon|94\/100\n|\n|upkeep\n|turn|51\n|l| pokecypher2016\n|\n|t:|1711931889\n|move|p2a: Zamazenta|Crunch|p1a: Hippowdon\n|-damage|p1a: Hippowdon|82\/100\n|move|p1a: Hippowdon|Earthquake|p2a: Zamazenta\n|-damage|p2a: Zamazenta|0 fnt\n|faint|p2a: Zamazenta\n|\n|upkeep\n|\n|t:|1711931891\n|switch|p2a: Dragonite|Dragonite, M|70\/100\n|turn|52\n|\n|t:|1711931894\n|move|p2a: Dragonite|Extreme Speed|p1a: Hippowdon\n|-damage|p1a: Hippowdon|55\/100\n|-damage|p2a: Dragonite|60\/100|[from] item: Life Orb\n|move|p1a: Hippowdon|Rock Slide|p2a: Dragonite\n|-supereffective|p2a: Dragonite\n|-damage|p2a: Dragonite|0 fnt\n|faint|p2a: Dragonite\n|\n|win|ban drizzle lol\n|n|\u2606ban drizzle lol@!|bandrizzlelol\n|n|\u2606theironpikachu|theironpikachu\n|n| BB-8-NU|bb8nu\n|n|*Lady Monita \u2746|ladymonita\n|n| skierdude101|skierdude101\n|n| ryus0ken|ryus0ken\n|n|+gewwge|gewwge\n|n| Jadino|jadino\n|n| bleahey|bleahey\n|n| PokeArt2004\u2764|pokeart2004\n|n|%daki@!|daki\n|n|+cjw405|cjw405\n|n| Vaporeonds|vaporeonds\n|n| justchilln29|justchilln29\n|n| Novax_Og|novaxog\n|l|*Lady Monita \u2746\n","uploadtime":1711931894,"views":0,"formatid":"gen9almostanyability","rating":null,"private":0,"password":null}