{"id":"gen9almostanyability-2093289933","format":"[Gen 9] Almost Any Ability","players":["endertile","AllHailDudunsparce"],"log":"|j|\u2606endertile\n|j|\u2606AllHailDudunsparce\n|t:|1711935144\n|gametype|singles\n|player|p1|endertile|169|1055\n|player|p2|AllHailDudunsparce|ghetsis-gen5bw|1112\n|teamsize|p1|6\n|teamsize|p2|6\n|gen|9\n|tier|[Gen 9] Almost Any Ability\n|rated|\n|rule|Species Clause: Limit one of each Pok\u00e9mon\n|rule|OHKO Clause: OHKO moves are banned\n|rule|Evasion Moves Clause: Evasion moves are banned\n|rule|Endless Battle Clause: Forcing endless battles is banned\n|rule|HP Percentage Mod: HP is shown in percentages\n|rule|1 Ability Clause: Limit 1 of each ability\n|rule|Sleep Moves Clause: Sleep-inducing moves are banned\n|rule|Terastal Clause: You cannot Terastallize\n|clearpoke\n|poke|p1|Excadrill, F|\n|poke|p1|Infernape, F|\n|poke|p1|Porygon-Z|\n|poke|p1|Blastoise, M|\n|poke|p1|Chesnaught, M|\n|poke|p1|Iron Jugulis|\n|poke|p2|Deoxys-Speed|\n|poke|p2|Dudunsparce-*, F|\n|poke|p2|Great Tusk|\n|poke|p2|Metagross|\n|poke|p2|Garganacl, M|\n|poke|p2|Landorus-Therian, M|\n|teampreview\n|inactive|Battle timer is ON: inactive players will automatically lose when time's up. (requested by AllHailDudunsparce)\n|\n|t:|1711935169\n|start\n|switch|p1a: Excadrill|Excadrill, F|100\/100\n|switch|p2a: Dudunsparce|Dudunsparce-Three-Segment, F, shiny|100\/100\n|turn|1\n|\n|t:|1711935179\n|move|p1a: Excadrill|Swords Dance|p1a: Excadrill\n|-boost|p1a: Excadrill|atk|2\n|move|p2a: Dudunsparce|Lunge|p1a: Excadrill\n|-resisted|p1a: Excadrill\n|-damage|p1a: Excadrill|82\/100\n|-unboost|p1a: Excadrill|atk|1\n|\n|upkeep\n|turn|2\n|\n|t:|1711935189\n|switch|p2a: Landorus|Landorus-Therian, M|100\/100\n|-ability|p2a: Landorus|Sword of Ruin\n|move|p1a: Excadrill|Swords Dance|p1a: Excadrill\n|-boost|p1a: Excadrill|atk|2\n|\n|upkeep\n|turn|3\n|\n|t:|1711935201\n|move|p2a: Landorus|Earthquake|p1a: Excadrill\n|-supereffective|p1a: Excadrill\n|-damage|p1a: Excadrill|0 fnt\n|faint|p1a: Excadrill\n|\n|upkeep\n|\n|t:|1711935209\n|switch|p1a: Blastoise|Blastoise, M|100\/100\n|turn|4\n|\n|t:|1711935213\n|move|p2a: Landorus|Earthquake|p1a: Blastoise\n|-damage|p1a: Blastoise|31\/100\n|move|p1a: Blastoise|Shell Smash|p1a: Blastoise\n|-unboost|p1a: Blastoise|def|1\n|-unboost|p1a: Blastoise|spd|1\n|-boost|p1a: Blastoise|atk|2\n|-boost|p1a: Blastoise|spa|2\n|-boost|p1a: Blastoise|spe|2\n|-enditem|p1a: Blastoise|White Herb\n|-clearnegativeboost|p1a: Blastoise|[silent]\n|\n|upkeep\n|turn|5\n|\n|t:|1711935228\n|move|p2a: Landorus|Earthquake|p1a: Blastoise\n|-damage|p1a: Blastoise|0 fnt\n|faint|p1a: Blastoise\n|\n|upkeep\n|\n|t:|1711935236\n|switch|p1a: Chesnaught|Chesnaught, M|100\/100\n|turn|6\n|l|\u2606endertile\n|inactive|endertile disconnected and has a minute to reconnect!\n|player|p1|\n|inactive|AllHailDudunsparce has 120 seconds left.\n|\n|t:|1711935271\n|move|p2a: Landorus|Earthquake|p1a: Chesnaught\n|-resisted|p1a: Chesnaught\n|-damage|p1a: Chesnaught|68\/100\n|move|p1a: Chesnaught|Bulk Up|p1a: Chesnaught\n|-boost|p1a: Chesnaught|atk|1\n|-boost|p1a: Chesnaught|def|1\n|\n|-heal|p1a: Chesnaught|74\/100|[from] item: Leftovers\n|upkeep\n|turn|7\n|inactive|AllHailDudunsparce has 120 seconds left.\n|j|\u2606endertile\n|inactive|endertile reconnected and has 125 seconds left.\n|player|p1|endertile|169\n|inactive|endertile has 120 seconds left.\n|\n|t:|1711935304\n|switch|p2a: Metagross|Metagross|100\/100\n|move|p1a: Chesnaught|Bulk Up|p1a: Chesnaught\n|-boost|p1a: Chesnaught|atk|1\n|-boost|p1a: Chesnaught|def|1\n|\n|-heal|p1a: Chesnaught|81\/100|[from] item: Leftovers\n|upkeep\n|turn|8\n|inactive|AllHailDudunsparce has 120 seconds left.\n|inactive|endertile has 120 seconds left.\n|\n|t:|1711935314\n|move|p2a: Metagross|Psychic Fangs|p1a: Chesnaught\n|-supereffective|p1a: Chesnaught\n|-damage|p1a: Chesnaught|35\/100\n|move|p1a: Chesnaught|Drain Punch|p2a: Metagross\n|-damage|p2a: Metagross|54\/100\n|-heal|p1a: Chesnaught|58\/100|[from] drain|[of] p2a: Metagross\n|\n|-heal|p1a: Chesnaught|65\/100|[from] item: Leftovers\n|upkeep\n|turn|9\n|inactive|endertile has 120 seconds left.\n|\n|t:|1711935336\n|move|p2a: Metagross|Psychic Fangs|p1a: Chesnaught\n|-supereffective|p1a: Chesnaught\n|-damage|p1a: Chesnaught|18\/100\n|move|p1a: Chesnaught|Earthquake|p2a: Metagross\n|-supereffective|p2a: Metagross\n|-damage|p2a: Metagross|0 fnt\n|faint|p2a: Metagross\n|\n|-heal|p1a: Chesnaught|24\/100|[from] item: Leftovers\n|upkeep\n|\n|t:|1711935345\n|switch|p2a: Great Tusk|Great Tusk|100\/100\n|turn|10\n|inactive|endertile has 120 seconds left.\n|\n|t:|1711935354\n|move|p2a: Great Tusk|Close Combat|p1a: Chesnaught\n|-crit|p1a: Chesnaught\n|-damage|p1a: Chesnaught|0 fnt\n|-unboost|p2a: Great Tusk|def|1\n|-unboost|p2a: Great Tusk|spd|1\n|faint|p1a: Chesnaught\n|\n|upkeep\n|inactive|endertile has 120 seconds left.\n|\n|t:|1711935361\n|switch|p1a: Iron Jugulis|Iron Jugulis|100\/100\n|turn|11\n|\n|t:|1711935365\n|switch|p2a: Garganacl|Garganacl, M|100\/100\n|move|p1a: Iron Jugulis|Air Slash|p2a: Garganacl\n|-resisted|p2a: Garganacl\n|-damage|p2a: Garganacl|83\/100\n|\n|-heal|p2a: Garganacl|89\/100|[from] item: Leftovers\n|-status|p1a: Iron Jugulis|brn|[from] item: Flame Orb\n|upkeep\n|turn|12\n|\n|t:|1711935379\n|move|p1a: Iron Jugulis|Earth Power|p2a: Garganacl\n|-supereffective|p2a: Garganacl\n|-damage|p2a: Garganacl|6\/100\n|move|p2a: Garganacl|Salt Cure|p1a: Iron Jugulis\n|-supereffective|p1a: Iron Jugulis\n|-damage|p1a: Iron Jugulis|69\/100 brn\n|-start|p1a: Iron Jugulis|Salt Cure\n|\n|-heal|p2a: Garganacl|12\/100|[from] item: Leftovers\n|-damage|p1a: Iron Jugulis|63\/100 brn|[from] brn\n|-damage|p1a: Iron Jugulis|51\/100 brn|[from] Salt Cure\n|upkeep\n|turn|13\n|\n|t:|1711935390\n|switch|p2a: Landorus|Landorus-Therian, M|100\/100\n|-ability|p2a: Landorus|Sword of Ruin\n|move|p1a: Iron Jugulis|Dark Pulse|p2a: Landorus\n|-damage|p2a: Landorus|23\/100\n|\n|-damage|p1a: Iron Jugulis|45\/100 brn|[from] brn\n|-damage|p1a: Iron Jugulis|32\/100 brn|[from] Salt Cure\n|upkeep\n|turn|14\n|\n|t:|1711935399\n|move|p2a: Landorus|Brick Break|p1a: Iron Jugulis\n|-damage|p1a: Iron Jugulis|0 fnt\n|faint|p1a: Iron Jugulis\n|\n|upkeep\n|\n|t:|1711935407\n|switch|p1a: Porygon-Z|Porygon-Z|100\/100\n|-ability|p1a: Porygon-Z|Beads of Ruin\n|turn|15\n|\n|t:|1711935413\n|move|p2a: Landorus|Brick Break|p1a: Porygon-Z\n|-supereffective|p1a: Porygon-Z\n|-damage|p1a: Porygon-Z|0 fnt\n|faint|p1a: Porygon-Z\n|\n|upkeep\n|\n|t:|1711935416\n|switch|p1a: Infernape|Infernape, F|100\/100\n|turn|16\n|\n|t:|1711935419\n|move|p2a: Landorus|Brick Break|p1a: Infernape\n|-damage|p1a: Infernape|40\/100\n|move|p1a: Infernape|Rock Slide|p2a: Landorus\n|-damage|p2a: Landorus|0 fnt\n|faint|p2a: Landorus\n|\n|upkeep\n|-message|endertile forfeited.\n|\n|win|AllHailDudunsparce\n|raw|endertile's rating: 1055 &rarr; <strong>1040<\/strong><br \/>(-15 for losing)\n|raw|AllHailDudunsparce's rating: 1112 &rarr; <strong>1133<\/strong><br \/>(+21 for winning)\n|l|\u2606endertile\n|player|p1|\n","uploadtime":1711935430,"views":1,"formatid":"gen9almostanyability","rating":1040,"private":0,"password":null}