{"id":"gen9almostanyability-2093173581","format":"[Gen 9] Almost Any Ability","players":["1vnfe happy man","TotalCooper"],"log":"|j|\u26061vnfe happy man\n|j|\u2606TotalCooper\n|inactive|Battle timer is ON: inactive players will automatically lose when time's up.\n|t:|1711921211\n|gametype|singles\n|player|p1|1vnfe happy man|burnet|\n|player|p2|TotalCooper|169|\n|teamsize|p1|1\n|teamsize|p2|1\n|gen|9\n|tier|[Gen 9] Almost Any Ability\n|rated|Tournament battle\n|rule|Species Clause: Limit one of each Pok\u00e9mon\n|rule|OHKO Clause: OHKO moves are banned\n|rule|Evasion Moves Clause: Evasion moves are banned\n|rule|Endless Battle Clause: Forcing endless battles is banned\n|rule|HP Percentage Mod: HP is shown in percentages\n|rule|1 Ability Clause: Limit 1 of each ability\n|rule|Sleep Moves Clause: Sleep-inducing moves are banned\n|rule|Terastal Clause: You cannot Terastallize\n|clearpoke\n|poke|p1|Maushold-Four|\n|poke|p2|Maushold|\n|teampreview\n|j|*Lady Monita \u2746\n|inactive|TotalCooper also wants the timer to be on.\n|inactive|1vnfe happy man also wants the timer to be on.\n|j| bergenser\n|j| SunlightAndStorms\n|\n|t:|1711921217\n|start\n|switch|p1a: Maushold|Maushold-Four|100\/100\n|switch|p2a: Maushold|Maushold|100\/100\n|turn|1\n|\n|t:|1711921221\n|move|p2a: Maushold|Baby-Doll Eyes|p1a: Maushold\n|-unboost|p1a: Maushold|atk|1\n|move|p1a: Maushold|Tickle|p2a: Maushold\n|-unboost|p2a: Maushold|atk|1\n|-unboost|p2a: Maushold|def|1\n|\n|upkeep\n|turn|2\n|\n|t:|1711921230\n|move|p2a: Maushold|Baby-Doll Eyes|p1a: Maushold\n|-unboost|p1a: Maushold|atk|1\n|move|p1a: Maushold|Encore|p2a: Maushold\n|-start|p2a: Maushold|Encore\n|\n|upkeep\n|turn|3\n|\n|t:|1711921233\n|move|p2a: Maushold|Baby-Doll Eyes|p1a: Maushold\n|-unboost|p1a: Maushold|atk|1\n|move|p1a: Maushold|Low Sweep|p2a: Maushold\n|-supereffective|p2a: Maushold\n|-damage|p2a: Maushold|91\/100\n|-unboost|p2a: Maushold|spe|1\n|\n|-heal|p2a: Maushold|97\/100|[from] item: Leftovers\n|upkeep\n|turn|4\n|\n|t:|1711921240\n|move|p1a: Maushold|Tickle|p2a: Maushold\n|-unboost|p2a: Maushold|atk|1\n|-unboost|p2a: Maushold|def|1\n|move|p2a: Maushold|Baby-Doll Eyes|p1a: Maushold\n|-unboost|p1a: Maushold|atk|1\n|\n|-heal|p2a: Maushold|100\/100|[from] item: Leftovers\n|upkeep\n|turn|5\n|\n|t:|1711921242\n|move|p1a: Maushold|Tickle|p2a: Maushold\n|-unboost|p2a: Maushold|atk|1\n|-unboost|p2a: Maushold|def|1\n|move|p2a: Maushold|Baby-Doll Eyes|p1a: Maushold\n|-unboost|p1a: Maushold|atk|1\n|\n|-end|p2a: Maushold|Encore\n|upkeep\n|turn|6\n|\n|t:|1711921245\n|move|p1a: Maushold|Encore|p2a: Maushold\n|-start|p2a: Maushold|Encore\n|move|p2a: Maushold|Baby-Doll Eyes|p1a: Maushold\n|-unboost|p1a: Maushold|atk|1\n|\n|upkeep\n|turn|7\n|\n|t:|1711921248\n|move|p1a: Maushold|Tickle|p2a: Maushold\n|-unboost|p2a: Maushold|atk|1\n|-unboost|p2a: Maushold|def|1\n|move|p2a: Maushold|Baby-Doll Eyes|p1a: Maushold\n|-unboost|p1a: Maushold|atk|0\n|\n|upkeep\n|turn|8\n|\n|t:|1711921250\n|move|p1a: Maushold|Tickle|p2a: Maushold\n|-unboost|p2a: Maushold|atk|1\n|-unboost|p2a: Maushold|def|1\n|move|p2a: Maushold|Baby-Doll Eyes|p1a: Maushold\n|-unboost|p1a: Maushold|atk|0\n|\n|-end|p2a: Maushold|Encore\n|upkeep\n|turn|9\n|\n|t:|1711921253\n|move|p1a: Maushold|Encore|p2a: Maushold\n|-start|p2a: Maushold|Encore\n|move|p2a: Maushold|Baby-Doll Eyes|p1a: Maushold\n|-unboost|p1a: Maushold|atk|0\n|\n|upkeep\n|turn|10\n|\n|t:|1711921255\n|move|p1a: Maushold|Tickle|p2a: Maushold\n|-unboost|p2a: Maushold|atk|1\n|-unboost|p2a: Maushold|def|1\n|move|p2a: Maushold|Baby-Doll Eyes|p1a: Maushold\n|-unboost|p1a: Maushold|atk|0\n|\n|upkeep\n|turn|11\n|\n|t:|1711921256\n|move|p2a: Maushold|Baby-Doll Eyes|p1a: Maushold\n|-unboost|p1a: Maushold|atk|0\n|move|p1a: Maushold|Low Sweep|p2a: Maushold\n|-supereffective|p2a: Maushold\n|-damage|p2a: Maushold|86\/100\n|-unboost|p2a: Maushold|spe|1\n|\n|-heal|p2a: Maushold|92\/100|[from] item: Leftovers\n|-end|p2a: Maushold|Encore\n|upkeep\n|turn|12\n|\n|t:|1711921262\n|move|p1a: Maushold|Low Sweep|p2a: Maushold\n|-supereffective|p2a: Maushold\n|-damage|p2a: Maushold|77\/100\n|-unboost|p2a: Maushold|spe|1\n|move|p2a: Maushold|Super Fang|p1a: Maushold\n|-damage|p1a: Maushold|50\/100\n|-damage|p2a: Maushold|60\/100|[from] item: Rocky Helmet|[of] p1a: Maushold\n|\n|-heal|p2a: Maushold|66\/100|[from] item: Leftovers\n|upkeep\n|turn|13\n|\n|t:|1711921271\n|move|p1a: Maushold|Encore|p2a: Maushold\n|-start|p2a: Maushold|Encore\n|move|p2a: Maushold|Super Fang|p1a: Maushold\n|-damage|p1a: Maushold|25\/100\n|-damage|p2a: Maushold|50\/100|[from] item: Rocky Helmet|[of] p1a: Maushold\n|\n|-heal|p2a: Maushold|56\/100|[from] item: Leftovers\n|upkeep\n|turn|14\n|\n|t:|1711921275\n|move|p1a: Maushold|Low Sweep|p2a: Maushold\n|-supereffective|p2a: Maushold\n|-damage|p2a: Maushold|40\/100\n|-unboost|p2a: Maushold|spe|1\n|move|p2a: Maushold|Super Fang|p1a: Maushold|[miss]\n|-miss|p2a: Maushold|p1a: Maushold\n|\n|-heal|p2a: Maushold|46\/100|[from] item: Leftovers\n|upkeep\n|turn|15\n|j| EvilGoos33\n|\n|t:|1711921281\n|move|p1a: Maushold|Low Sweep|p2a: Maushold\n|-supereffective|p2a: Maushold\n|-damage|p2a: Maushold|30\/100\n|-unboost|p2a: Maushold|spe|1\n|move|p2a: Maushold|Super Fang|p1a: Maushold\n|-damage|p1a: Maushold|13\/100\n|-damage|p2a: Maushold|14\/100|[from] item: Rocky Helmet|[of] p1a: Maushold\n|\n|-heal|p2a: Maushold|20\/100|[from] item: Leftovers\n|-end|p2a: Maushold|Encore\n|upkeep\n|turn|16\n|\n|t:|1711921297\n|move|p1a: Maushold|Encore|p2a: Maushold\n|-start|p2a: Maushold|Encore\n|move|p2a: Maushold|Super Fang|p1a: Maushold\n|-damage|p1a: Maushold|7\/100\n|-damage|p2a: Maushold|3\/100|[from] item: Rocky Helmet|[of] p1a: Maushold\n|\n|-heal|p2a: Maushold|10\/100|[from] item: Leftovers\n|upkeep\n|turn|17\n|\n|t:|1711921302\n|move|p1a: Maushold|Low Sweep|p2a: Maushold\n|-supereffective|p2a: Maushold\n|-damage|p2a: Maushold|0 fnt\n|faint|p2a: Maushold\n|\n|win|1vnfe happy man\n|n|\u26061vnfe happy man|1vnfehappyman\n|n|\u2606TotalCooper|totalcooper\n|n|*Lady Monita \u2746|ladymonita\n|n| bergenser|bergenser\n|n| SunlightAndStorms|sunlightandstorms\n|n| EvilGoos33|evilgoos33\n","uploadtime":1711921302,"views":0,"formatid":"gen9almostanyability","rating":null,"private":0,"password":null}