{"id":"gen9almostanyability-2093366608","format":"[Gen 9] Almost Any Ability","players":["Trolollolol","damla"],"log":"|j|\u2606Trolollolol\n|j|\u2606damla\n|t:|1711945378\n|gametype|singles\n|player|p1|Trolollolol|265|1295\n|player|p2|damla|parasollady|1060\n|teamsize|p1|6\n|teamsize|p2|6\n|gen|9\n|tier|[Gen 9] Almost Any Ability\n|rated|\n|rule|Species Clause: Limit one of each Pok\u00e9mon\n|rule|OHKO Clause: OHKO moves are banned\n|rule|Evasion Moves Clause: Evasion moves are banned\n|rule|Endless Battle Clause: Forcing endless battles is banned\n|rule|HP Percentage Mod: HP is shown in percentages\n|rule|1 Ability Clause: Limit 1 of each ability\n|rule|Sleep Moves Clause: Sleep-inducing moves are banned\n|rule|Terastal Clause: You cannot Terastallize\n|clearpoke\n|poke|p1|Regieleki|\n|poke|p1|Ogerpon-Wellspring, F|\n|poke|p1|Ceruledge, M|\n|poke|p1|Cresselia, F|\n|poke|p1|Dragonite, M|\n|poke|p1|Pecharunt|\n|poke|p2|Overqwil, F|\n|poke|p2|Vaporeon, M|\n|poke|p2|Galvantula, F|\n|poke|p2|Comfey, M|\n|poke|p2|Ambipom, F|\n|poke|p2|Brambleghast, M|\n|teampreview\n|inactive|Battle timer is ON: inactive players will automatically lose when time's up. (requested by damla)\n|\n|t:|1711945387\n|start\n|switch|p1a: Regieleki|Regieleki|100\/100\n|switch|p2a: Galvantula|Galvantula, F|100\/100\n|-fieldstart|move: Electric Terrain|[from] ability: Hadron Engine|[of] p1a: Regieleki\n|turn|1\n|\n|t:|1711945390\n|move|p1a: Regieleki|Volt Switch|p2a: Galvantula\n|-resisted|p2a: Galvantula\n|-damage|p2a: Galvantula|31\/100\n|j| idkman22233\n|\n|t:|1711945396\n|switch|p1a: Ceruledge|Ceruledge, M, shiny|100\/100|[from] Volt Switch\n|-weather|DesolateLand|[from] ability: Desolate Land|[of] p1a: Ceruledge\n|move|p2a: Galvantula|Sticky Web|p1a: Ceruledge\n|-sidestart|p1: Trolollolol|move: Sticky Web\n|\n|-weather|DesolateLand|[upkeep]\n|upkeep\n|turn|2\n|l| idkman22233\n|\n|t:|1711945403\n|move|p2a: Galvantula|Volt Switch|p1a: Ceruledge\n|-damage|p1a: Ceruledge|64\/100\n|\n|t:|1711945426\n|switch|p2a: Comfey|Comfey, M|100\/100|[from] Volt Switch\n|move|p1a: Ceruledge|Bulk Up|p1a: Ceruledge\n|-boost|p1a: Ceruledge|atk|1\n|-boost|p1a: Ceruledge|def|1\n|\n|-weather|DesolateLand|[upkeep]\n|-status|p2a: Comfey|brn|[from] item: Flame Orb\n|upkeep\n|turn|3\n|\n|t:|1711945435\n|move|p2a: Comfey|Encore|p1a: Ceruledge\n|-start|p1a: Ceruledge|Encore\n|move|p1a: Ceruledge|Bulk Up|p1a: Ceruledge\n|-boost|p1a: Ceruledge|atk|1\n|-boost|p1a: Ceruledge|def|1\n|\n|-weather|DesolateLand|[upkeep]\n|-damage|p2a: Comfey|94\/100 brn|[from] brn\n|upkeep\n|turn|4\n|j| idkman22233\n|l| idkman22233\n|inactive|damla has 120 seconds left.\n|\n|t:|1711945477\n|switch|p2a: Overqwil|Overqwil, F|100\/100\n|-weather|none\n|switch|p1a: Dragonite|Dragonite, M, shiny|100\/100\n|\n|upkeep\n|turn|5\n|\n|t:|1711945482\n|move|p2a: Overqwil|Toxic Spikes|p1a: Dragonite\n|-sidestart|p1: Trolollolol|move: Toxic Spikes\n|move|p1a: Dragonite|Dragon Dance|p1a: Dragonite\n|-boost|p1a: Dragonite|atk|1\n|-boost|p1a: Dragonite|spe|1\n|\n|-fieldend|move: Electric Terrain\n|upkeep\n|turn|6\n|\n|t:|1711945486\n|move|p2a: Overqwil|Barb Barrage|p1a: Dragonite\n|-damage|p1a: Dragonite|73\/100\n|-status|p1a: Dragonite|psn\n|move|p1a: Dragonite|Dragon Dance|p1a: Dragonite\n|-boost|p1a: Dragonite|atk|1\n|-boost|p1a: Dragonite|spe|1\n|\n|-damage|p1a: Dragonite|61\/100 psn|[from] psn\n|upkeep\n|turn|7\n|\n|t:|1711945489\n|move|p1a: Dragonite|Extreme Speed|p2a: Overqwil\n|-damage|p2a: Overqwil|0 fnt\n|faint|p2a: Overqwil\n|\n|-damage|p1a: Dragonite|48\/100 psn|[from] psn\n|upkeep\n|\n|t:|1711945496\n|switch|p2a: Brambleghast|Brambleghast, M|100\/100\n|turn|8\n|\n|t:|1711945499\n|switch|p2a: Comfey|Comfey, M|94\/100 brn\n|move|p1a: Dragonite|Extreme Speed|p2a: Comfey\n|-damage|p2a: Comfey|0 fnt\n|faint|p2a: Comfey\n|\n|-damage|p1a: Dragonite|36\/100 psn|[from] psn\n|upkeep\n|\n|t:|1711945502\n|switch|p2a: Brambleghast|Brambleghast, M|100\/100\n|turn|9\n|\n|t:|1711945509\n|move|p1a: Dragonite|Extreme Speed|p2a: Brambleghast\n|-supereffective|p2a: Brambleghast\n|-damage|p2a: Brambleghast|0 fnt\n|faint|p2a: Brambleghast\n|\n|-damage|p1a: Dragonite|23\/100 psn|[from] psn\n|upkeep\n|\n|t:|1711945521\n|switch|p2a: Ambipom|Ambipom, F|100\/100\n|turn|10\n|\n|t:|1711945522\n|move|p2a: Ambipom|Fake Out|p1a: Dragonite\n|-damage|p1a: Dragonite|6\/100 psn\n|cant|p1a: Dragonite|flinch\n|\n|-damage|p1a: Dragonite|0 fnt|[from] psn\n|faint|p1a: Dragonite\n|-status|p2a: Ambipom|tox|[from] item: Toxic Orb\n|upkeep\n|\n|t:|1711945532\n|switch|p1a: Regieleki|Regieleki|100\/100\n|-activate|p1a: Regieleki|move: Sticky Web\n|-unboost|p1a: Regieleki|spe|1\n|-status|p1a: Regieleki|psn\n|-fieldstart|move: Electric Terrain|[from] ability: Hadron Engine|[of] p1a: Regieleki\n|turn|11\n|\n|t:|1711945540\n|move|p1a: Regieleki|Thunderbolt|p2a: Ambipom\n|-damage|p2a: Ambipom|0 fnt\n|faint|p2a: Ambipom\n|\n|-damage|p1a: Regieleki|88\/100 psn|[from] psn\n|upkeep\n|-message|damla forfeited.\n|\n|win|Trolollolol\n|raw|Trolollolol's rating: 1295 &rarr; <strong>1305<\/strong><br \/>(+10 for winning)\n|raw|damla's rating: 1060 &rarr; <strong>1052<\/strong><br \/>(-8 for losing)\n|l|\u2606damla\n|player|p2|\n|l|\u2606Trolollolol\n|player|p1|\n|j| CrisNo\n","uploadtime":1711945916,"views":1,"formatid":"gen9almostanyability","rating":1052,"private":0,"password":null}