{"id":"smogtours-gen9almostanyability-757934","format":"[Gen 9] Almost Any Ability","players":["Betticus IV","DeepFriedMagikarp"],"log":"|inactive|Battle timer is ON: inactive players will automatically lose when time's up.\n|t:|1711919442\n|gametype|singles\n|player|p1|Betticus IV|102|\n|player|p2|DeepFriedMagikarp|266|\n|teamsize|p1|6\n|teamsize|p2|6\n|gen|9\n|tier|[Gen 9] Almost Any Ability\n|rule|Species Clause: Limit one of each Pok\u00e9mon\n|rule|OHKO Clause: OHKO moves are banned\n|rule|Evasion Moves Clause: Evasion moves are banned\n|rule|Endless Battle Clause: Forcing endless battles is banned\n|rule|HP Percentage Mod: HP is shown in percentages\n|rule|1 Ability Clause: Limit 1 of each ability\n|rule|Sleep Moves Clause: Sleep-inducing moves are banned\n|rule|Terastal Clause: You cannot Terastallize\n|clearpoke\n|poke|p1|Roaring Moon|\n|poke|p1|Corviknight, F|\n|poke|p1|Manaphy|\n|poke|p1|Empoleon, F|\n|poke|p1|Gengar, M|\n|poke|p1|Deoxys-Speed|\n|poke|p2|Dragonite, F|\n|poke|p2|Ogerpon-Wellspring, F|\n|poke|p2|Swampert, M|\n|poke|p2|Kingambit, F|\n|poke|p2|Corviknight, M|\n|poke|p2|Gholdengo|\n|teampreview\n|c|\u2606Betticus IV|glhf\n|c|\u2606DeepFriedMagikarp|u2\n|\n|t:|1711919455\n|start\n|switch|p1a: Roaring Moon|Roaring Moon|100\/100\n|switch|p2a: Swampert|Swampert, M|100\/100\n|-ability|p1a: Roaring Moon|Sword of Ruin\n|turn|1\n|\n|t:|1711919460\n|switch|p2a: Corviknight|Corviknight, M|100\/100\n|move|p1a: Roaring Moon|Knock Off|p2a: Corviknight\n|-damage|p2a: Corviknight|81\/100\n|-damage|p1a: Roaring Moon|84\/100|[from] item: Rocky Helmet|[of] p2a: Corviknight\n|-enditem|p2a: Corviknight|Rocky Helmet|[from] move: Knock Off|[of] p1a: Roaring Moon\n|\n|upkeep\n|turn|2\n|\n|t:|1711919467\n|move|p1a: Roaring Moon|Knock Off|p2a: Corviknight\n|-damage|p2a: Corviknight|66\/100\n|move|p2a: Corviknight|U-turn|p1a: Roaring Moon\n|-supereffective|p1a: Roaring Moon\n|-damage|p1a: Roaring Moon|46\/100\n|inactive|DeepFriedMagikarp has 270 seconds left.\n|inactive|DeepFriedMagikarp has 240 seconds left.\n|\n|t:|1711919547\n|switch|p2a: Kingambit|Kingambit, F|100\/100|[from] U-turn\n|\n|upkeep\n|turn|3\n|\n|t:|1711919550\n|switch|p1a: Corviknight|Corviknight, F|100\/100\n|move|p2a: Kingambit|Swords Dance|p2a: Kingambit\n|-boost|p2a: Kingambit|atk|2\n|\n|upkeep\n|turn|4\n|inactive|DeepFriedMagikarp has 240 seconds left.\n|\n|t:|1711919557\n|switch|p2a: Gholdengo|Gholdengo|100\/100\n|move|p1a: Corviknight|U-turn|p2a: Gholdengo\n|-resisted|p2a: Gholdengo\n|-damage|p2a: Gholdengo|96\/100\n|\n|t:|1711919561\n|switch|p1a: Empoleon|Empoleon, F, shiny|100\/100|[from] U-turn\n|\n|upkeep\n|turn|5\n|\n|t:|1711919567\n|switch|p2a: Swampert|Swampert, M|100\/100\n|move|p1a: Empoleon|Flip Turn|p2a: Swampert\n|-damage|p2a: Swampert|83\/100\n|\n|t:|1711919571\n|switch|p1a: Roaring Moon|Roaring Moon|46\/100|[from] Flip Turn\n|-ability|p1a: Roaring Moon|Sword of Ruin\n|\n|upkeep\n|turn|6\n|\n|t:|1711919588\n|move|p1a: Roaring Moon|Roost|p1a: Roaring Moon\n|-heal|p1a: Roaring Moon|96\/100\n|-singleturn|p1a: Roaring Moon|move: Roost\n|move|p2a: Swampert|Knock Off|p1a: Roaring Moon\n|-resisted|p1a: Roaring Moon\n|-damage|p1a: Roaring Moon|82\/100\n|-enditem|p1a: Roaring Moon|Heavy-Duty Boots|[from] move: Knock Off|[of] p2a: Swampert\n|\n|upkeep\n|turn|7\n|\n|t:|1711919592\n|switch|p2a: Corviknight|Corviknight, M|66\/100\n|move|p1a: Roaring Moon|Knock Off|p2a: Corviknight\n|-damage|p2a: Corviknight|52\/100\n|\n|upkeep\n|turn|8\n|\n|t:|1711919595\n|switch|p1a: Corviknight|Corviknight, F|100\/100\n|move|p2a: Corviknight|Roost|p2a: Corviknight\n|-heal|p2a: Corviknight|100\/100\n|-singleturn|p2a: Corviknight|move: Roost\n|\n|upkeep\n|turn|9\n|\n|t:|1711919598\n|move|p1a: Corviknight|U-turn|p2a: Corviknight\n|-resisted|p2a: Corviknight\n|-damage|p2a: Corviknight|99\/100\n|\n|t:|1711919608\n|switch|p1a: Gengar|Gengar, M, shiny|100\/100|[from] U-turn\n|move|p2a: Corviknight|U-turn|p1a: Gengar\n|-resisted|p1a: Gengar\n|-damage|p1a: Gengar|93\/100\n|\n|t:|1711919612\n|switch|p2a: Gholdengo|Gholdengo|96\/100|[from] U-turn\n|\n|upkeep\n|turn|10\n|\n|t:|1711919615\n|switch|p2a: Ogerpon|Ogerpon-Wellspring, F|100\/100\n|-ability|p2a: Ogerpon|Sword of Ruin\n|switch|p1a: Empoleon|Empoleon, F, shiny|100\/100\n|\n|upkeep\n|turn|11\n|\n|t:|1711919625\n|move|p2a: Ogerpon|Ivy Cudgel|p1a: Empoleon|[anim] Ivy Cudgel Water\n|-resisted|p1a: Empoleon\n|-crit|p1a: Empoleon\n|-damage|p1a: Empoleon|36\/100\n|move|p1a: Empoleon|Flip Turn|p2a: Ogerpon\n|-resisted|p2a: Ogerpon\n|-damage|p2a: Ogerpon|95\/100\n|\n|t:|1711919631\n|switch|p1a: Roaring Moon|Roaring Moon|82\/100|[from] Flip Turn\n|-ability|p1a: Roaring Moon|Sword of Ruin\n|\n|upkeep\n|turn|12\n|\n|t:|1711919637\n|switch|p2a: Corviknight|Corviknight, M|99\/100\n|move|p1a: Roaring Moon|U-turn|p2a: Corviknight\n|-resisted|p2a: Corviknight\n|-crit|p2a: Corviknight\n|-damage|p2a: Corviknight|96\/100\n|\n|t:|1711919642\n|switch|p1a: Gengar|Gengar, M, shiny|93\/100|[from] U-turn\n|\n|upkeep\n|turn|13\n|\n|t:|1711919647\n|switch|p2a: Swampert|Swampert, M|100\/100\n|move|p1a: Gengar|Will-O-Wisp|p2a: Swampert\n|-status|p2a: Swampert|brn\n|\n|-damage|p2a: Swampert|94\/100 brn|[from] brn\n|upkeep\n|turn|14\n|\n|t:|1711919659\n|switch|p1a: Manaphy|Manaphy, shiny|100\/100\n|move|p2a: Swampert|Flip Turn|p1a: Manaphy\n|-resisted|p1a: Manaphy\n|-damage|p1a: Manaphy|97\/100\n|\n|t:|1711919661\n|switch|p2a: Ogerpon|Ogerpon-Wellspring, F|95\/100|[from] Flip Turn\n|-ability|p2a: Ogerpon|Sword of Ruin\n|\n|upkeep\n|turn|15\n|\n|t:|1711919669\n|move|p2a: Ogerpon|Ivy Cudgel|p1a: Manaphy|[anim] Ivy Cudgel Water\n|-resisted|p1a: Manaphy\n|-crit|p1a: Manaphy\n|-damage|p1a: Manaphy|60\/100\n|move|p1a: Manaphy|U-turn|p2a: Ogerpon\n|-supereffective|p2a: Ogerpon\n|-damage|p2a: Ogerpon|51\/100\n|\n|t:|1711919673\n|switch|p1a: Roaring Moon|Roaring Moon|82\/100|[from] U-turn\n|-ability|p1a: Roaring Moon|Sword of Ruin\n|\n|upkeep\n|turn|16\n|inactive|DeepFriedMagikarp has 270 seconds left.\n|\n|t:|1711919723\n|switch|p2a: Dragonite|Dragonite, F|100\/100\n|move|p1a: Roaring Moon|U-turn|p2a: Dragonite\n|-resisted|p2a: Dragonite\n|-damage|p2a: Dragonite|86\/100\n|\n|t:|1711919726\n|switch|p1a: Manaphy|Manaphy, shiny|94\/100|[from] U-turn\n|\n|upkeep\n|turn|17\n|\n|t:|1711919731\n|switch|p2a: Corviknight|Corviknight, M|96\/100\n|move|p1a: Manaphy|Ice Beam|p2a: Corviknight\n|-damage|p2a: Corviknight|76\/100\n|\n|upkeep\n|turn|18\n|\n|t:|1711919736\n|move|p1a: Manaphy|Scald|p2a: Corviknight\n|-damage|p2a: Corviknight|47\/100\n|-status|p2a: Corviknight|brn\n|move|p2a: Corviknight|U-turn|p1a: Manaphy\n|-damage|p1a: Manaphy|89\/100\n|\n|t:|1711919739\n|switch|p2a: Ogerpon|Ogerpon-Wellspring, F|51\/100|[from] U-turn\n|-ability|p2a: Ogerpon|Sword of Ruin\n|\n|upkeep\n|turn|19\n|\n|t:|1711919745\n|switch|p1a: Roaring Moon|Roaring Moon|82\/100\n|-ability|p1a: Roaring Moon|Sword of Ruin\n|move|p2a: Ogerpon|Horn Leech|p1a: Roaring Moon\n|-resisted|p1a: Roaring Moon\n|-damage|p1a: Roaring Moon|56\/100\n|-heal|p2a: Ogerpon|67\/100|[from] drain|[of] p1a: Roaring Moon\n|\n|upkeep\n|turn|20\n|\n|t:|1711919753\n|switch|p2a: Corviknight|Corviknight, M|47\/100 brn\n|move|p1a: Roaring Moon|U-turn|p2a: Corviknight\n|-resisted|p2a: Corviknight\n|-damage|p2a: Corviknight|45\/100 brn\n|\n|t:|1711919755\n|switch|p1a: Gengar|Gengar, M, shiny|93\/100|[from] U-turn\n|\n|-damage|p2a: Corviknight|38\/100 brn|[from] brn\n|upkeep\n|turn|21\n|\n|t:|1711919759\n|switch|p2a: Swampert|Swampert, M|100\/100 brn\n|move|p1a: Gengar|Knock Off|p2a: Swampert\n|-damage|p2a: Swampert|91\/100 brn\n|-enditem|p2a: Swampert|Assault Vest|[from] move: Knock Off|[of] p1a: Gengar\n|\n|-damage|p2a: Swampert|85\/100 brn|[from] brn\n|upkeep\n|turn|22\n|\n|t:|1711919763\n|move|p1a: Gengar|Hex|p2a: Swampert\n|-damage|p2a: Swampert|30\/100 brn\n|move|p2a: Swampert|Knock Off|p1a: Gengar\n|-supereffective|p1a: Gengar\n|-damage|p1a: Gengar|48\/100\n|-enditem|p1a: Gengar|Heavy-Duty Boots|[from] move: Knock Off|[of] p2a: Swampert\n|\n|-damage|p2a: Swampert|24\/100 brn|[from] brn\n|upkeep\n|turn|23\n|\n|t:|1711919774\n|switch|p2a: Gholdengo|Gholdengo|96\/100\n|move|p1a: Gengar|Hex|p2a: Gholdengo\n|-supereffective|p2a: Gholdengo\n|-damage|p2a: Gholdengo|0 fnt\n|faint|p2a: Gholdengo\n|\n|upkeep\n|\n|t:|1711919786\n|switch|p2a: Dragonite|Dragonite, F|86\/100\n|turn|24\n|\n|t:|1711919789\n|switch|p1a: Corviknight|Corviknight, F|100\/100\n|move|p2a: Dragonite|Extreme Speed|p1a: Corviknight\n|-resisted|p1a: Corviknight\n|-damage|p1a: Corviknight|83\/100\n|-damage|p2a: Dragonite|69\/100|[from] item: Rocky Helmet|[of] p1a: Corviknight\n|\n|upkeep\n|turn|25\n|\n|t:|1711919794\n|move|p2a: Dragonite|Dragon Dance|p2a: Dragonite\n|-boost|p2a: Dragonite|atk|1\n|-boost|p2a: Dragonite|spe|1\n|move|p1a: Corviknight|U-turn|p2a: Dragonite\n|-resisted|p2a: Dragonite\n|-damage|p2a: Dragonite|62\/100\n|\n|t:|1711919797\n|switch|p1a: Deoxys|Deoxys-Speed|100\/100|[from] U-turn\n|-fieldstart|move: Psychic Terrain|[from] ability: Psychic Surge|[of] p1a: Deoxys\n|\n|upkeep\n|turn|26\n|\n|t:|1711919809\n|switch|p2a: Kingambit|Kingambit, F|100\/100\n|move|p1a: Deoxys|Ice Beam|p2a: Kingambit\n|-resisted|p2a: Kingambit\n|-damage|p2a: Kingambit|87\/100\n|\n|-heal|p2a: Kingambit|94\/100|[from] item: Leftovers\n|upkeep\n|turn|27\n|inactive|DeepFriedMagikarp has 270 seconds left.\n|\n|t:|1711919839\n|switch|p2a: Swampert|Swampert, M|57\/100 brn\n|move|p1a: Deoxys|Superpower|p2a: Swampert\n|-damage|p2a: Swampert|26\/100 brn\n|-unboost|p1a: Deoxys|atk|1\n|-unboost|p1a: Deoxys|def|1\n|\n|-damage|p2a: Swampert|20\/100 brn|[from] brn\n|upkeep\n|turn|28\n|\n|t:|1711919847\n|switch|p2a: Kingambit|Kingambit, F|94\/100\n|move|p1a: Deoxys|Superpower|p2a: Kingambit\n|-supereffective|p2a: Kingambit\n|-damage|p2a: Kingambit|38\/100\n|-unboost|p1a: Deoxys|atk|1\n|-unboost|p1a: Deoxys|def|1\n|\n|-heal|p2a: Kingambit|44\/100|[from] item: Leftovers\n|upkeep\n|turn|29\n|\n|t:|1711919852\n|switch|p1a: Corviknight|Corviknight, F|83\/100\n|move|p2a: Kingambit|Kowtow Cleave|p1a: Corviknight\n|-damage|p1a: Corviknight|43\/100\n|-damage|p2a: Kingambit|28\/100|[from] item: Rocky Helmet|[of] p1a: Corviknight\n|\n|-heal|p2a: Kingambit|34\/100|[from] item: Leftovers\n|-fieldend|move: Psychic Terrain\n|upkeep\n|turn|30\n|\n|t:|1711919856\n|move|p1a: Corviknight|U-turn|p2a: Kingambit\n|-damage|p2a: Kingambit|23\/100\n|\n|t:|1711919859\n|switch|p1a: Empoleon|Empoleon, F, shiny|36\/100|[from] U-turn\n|move|p2a: Kingambit|Swords Dance|p2a: Kingambit\n|-boost|p2a: Kingambit|atk|2\n|\n|-heal|p2a: Kingambit|29\/100|[from] item: Leftovers\n|upkeep\n|turn|31\n|\n|t:|1711919862\n|move|p2a: Kingambit|Kowtow Cleave|p1a: Empoleon\n|-damage|p1a: Empoleon|0 fnt\n|faint|p1a: Empoleon\n|\n|-heal|p2a: Kingambit|36\/100|[from] item: Leftovers\n|upkeep\n|\n|t:|1711919865\n|switch|p1a: Deoxys|Deoxys-Speed|100\/100\n|-fieldstart|move: Psychic Terrain|[from] ability: Psychic Surge|[of] p1a: Deoxys\n|turn|32\n|\n|t:|1711919870\n|switch|p2a: Swampert|Swampert, M|53\/100 brn\n|move|p1a: Deoxys|Superpower|p2a: Swampert\n|-damage|p2a: Swampert|26\/100 brn\n|-unboost|p1a: Deoxys|atk|1\n|-unboost|p1a: Deoxys|def|1\n|\n|-damage|p2a: Swampert|20\/100 brn|[from] brn\n|upkeep\n|turn|33\n|\n|t:|1711919877\n|move|p1a: Deoxys|Expanding Force|p2a: Swampert\n|-damage|p2a: Swampert|0 fnt\n|faint|p2a: Swampert\n|\n|upkeep\n|\n|t:|1711919881\n|switch|p2a: Corviknight|Corviknight, M|38\/100 brn\n|turn|34\n|\n|t:|1711919885\n|switch|p1a: Gengar|Gengar, M, shiny|48\/100\n|move|p2a: Corviknight|Roost|p2a: Corviknight\n|-heal|p2a: Corviknight|88\/100 brn\n|-singleturn|p2a: Corviknight|move: Roost\n|\n|-damage|p2a: Corviknight|82\/100 brn|[from] brn\n|upkeep\n|turn|35\n|\n|t:|1711919890\n|switch|p2a: Ogerpon|Ogerpon-Wellspring, F|67\/100\n|-ability|p2a: Ogerpon|Sword of Ruin\n|move|p1a: Gengar|Will-O-Wisp|p2a: Ogerpon\n|-status|p2a: Ogerpon|brn\n|\n|-damage|p2a: Ogerpon|61\/100 brn|[from] brn\n|upkeep\n|turn|36\n|\n|t:|1711919898\n|switch|p1a: Manaphy|Manaphy, shiny|100\/100\n|move|p2a: Ogerpon|Horn Leech|p1a: Manaphy\n|-supereffective|p1a: Manaphy\n|-damage|p1a: Manaphy|63\/100\n|-heal|p2a: Ogerpon|86\/100 brn|[from] drain|[of] p1a: Manaphy\n|\n|-damage|p2a: Ogerpon|80\/100 brn|[from] brn\n|-fieldend|move: Psychic Terrain\n|upkeep\n|turn|37\n|\n|t:|1711919902\n|move|p2a: Ogerpon|Play Rough|p1a: Manaphy\n|-damage|p1a: Manaphy|48\/100\n|move|p1a: Manaphy|U-turn|p2a: Ogerpon\n|-supereffective|p2a: Ogerpon\n|-damage|p2a: Ogerpon|40\/100 brn\n|\n|t:|1711919905\n|switch|p1a: Roaring Moon|Roaring Moon|56\/100|[from] U-turn\n|-ability|p1a: Roaring Moon|Sword of Ruin\n|\n|-damage|p2a: Ogerpon|34\/100 brn|[from] brn\n|upkeep\n|turn|38\n|\n|t:|1711919919\n|move|p1a: Roaring Moon|U-turn|p2a: Ogerpon\n|-supereffective|p2a: Ogerpon\n|-damage|p2a: Ogerpon|0 fnt\n|faint|p2a: Ogerpon\n|\n|t:|1711919923\n|switch|p1a: Deoxys|Deoxys-Speed|100\/100|[from] U-turn\n|-fieldstart|move: Psychic Terrain|[from] ability: Psychic Surge|[of] p1a: Deoxys\n|\n|upkeep\n|\n|t:|1711919926\n|switch|p2a: Corviknight|Corviknight, M|82\/100 brn\n|turn|39\n|\n|t:|1711919930\n|switch|p1a: Corviknight|Corviknight, F|43\/100\n|switch|p2a: Kingambit|Kingambit, F|36\/100\n|\n|-heal|p2a: Kingambit|42\/100|[from] item: Leftovers\n|upkeep\n|turn|40\n|\n|t:|1711919938\n|move|p1a: Corviknight|Roost|p1a: Corviknight\n|-heal|p1a: Corviknight|93\/100\n|-singleturn|p1a: Corviknight|move: Roost\n|move|p2a: Kingambit|Kowtow Cleave|p1a: Corviknight\n|-damage|p1a: Corviknight|51\/100\n|-damage|p2a: Kingambit|25\/100|[from] item: Rocky Helmet|[of] p1a: Corviknight\n|\n|-heal|p2a: Kingambit|31\/100|[from] item: Leftovers\n|upkeep\n|turn|41\n|\n|t:|1711919941\n|move|p1a: Corviknight|U-turn|p2a: Kingambit\n|-damage|p2a: Kingambit|22\/100\n|\n|t:|1711919948\n|switch|p1a: Roaring Moon|Roaring Moon|56\/100|[from] U-turn\n|-ability|p1a: Roaring Moon|Sword of Ruin\n|move|p2a: Kingambit|Swords Dance|p2a: Kingambit\n|-boost|p2a: Kingambit|atk|2\n|\n|-heal|p2a: Kingambit|28\/100|[from] item: Leftovers\n|upkeep\n|turn|42\n|\n|t:|1711919953\n|move|p1a: Roaring Moon|Knock Off|p2a: Kingambit\n|-resisted|p2a: Kingambit\n|-damage|p2a: Kingambit|4\/100\n|-enditem|p2a: Kingambit|Leftovers|[from] move: Knock Off|[of] p1a: Roaring Moon\n|move|p2a: Kingambit|Kowtow Cleave|p1a: Roaring Moon\n|-resisted|p1a: Roaring Moon\n|-damage|p1a: Roaring Moon|0 fnt\n|faint|p1a: Roaring Moon\n|\n|-fieldend|move: Psychic Terrain\n|upkeep\n|\n|t:|1711919956\n|switch|p1a: Deoxys|Deoxys-Speed|100\/100\n|-fieldstart|move: Psychic Terrain|[from] ability: Psychic Surge|[of] p1a: Deoxys\n|turn|43\n|\n|t:|1711919960\n|switch|p2a: Corviknight|Corviknight, M|82\/100 brn\n|move|p1a: Deoxys|Superpower|p2a: Corviknight\n|-damage|p2a: Corviknight|73\/100 brn\n|-unboost|p1a: Deoxys|atk|1\n|-unboost|p1a: Deoxys|def|1\n|\n|-damage|p2a: Corviknight|67\/100 brn|[from] brn\n|upkeep\n|turn|44\n|\n|t:|1711919971\n|switch|p1a: Corviknight|Corviknight, F|51\/100\n|switch|p2a: Dragonite|Dragonite, F|62\/100\n|\n|upkeep\n|turn|45\n|\n|t:|1711919976\n|move|p2a: Dragonite|Dragon Dance|p2a: Dragonite\n|-boost|p2a: Dragonite|atk|1\n|-boost|p2a: Dragonite|spe|1\n|move|p1a: Corviknight|U-turn|p2a: Dragonite\n|-resisted|p2a: Dragonite\n|-damage|p2a: Dragonite|56\/100\n|\n|t:|1711919981\n|switch|p1a: Manaphy|Manaphy, shiny|81\/100|[from] U-turn\n|\n|upkeep\n|turn|46\n|\n|t:|1711919983\n|move|p2a: Dragonite|Roost|p2a: Dragonite\n|-heal|p2a: Dragonite|100\/100\n|-singleturn|p2a: Dragonite|move: Roost\n|move|p1a: Manaphy|Ice Beam|p2a: Dragonite\n|-supereffective|p2a: Dragonite\n|-damage|p2a: Dragonite|61\/100\n|-status|p2a: Dragonite|frz\n|\n|upkeep\n|turn|47\n|c|\u2606Betticus IV|mb\n|c|\u2606DeepFriedMagikarp|immediately?\n|c|\u2606DeepFriedMagikarp|on all of them\n|c|\u2606DeepFriedMagikarp|thats tough\n|\n|t:|1711920006\n|cant|p2a: Dragonite|frz\n|move|p1a: Manaphy|Ice Beam|p2a: Dragonite\n|-supereffective|p2a: Dragonite\n|-damage|p2a: Dragonite|0 fnt\n|faint|p2a: Dragonite\n|\n|-fieldend|move: Psychic Terrain\n|upkeep\n|-message|DeepFriedMagikarp forfeited.\n|\n|win|Betticus IV\n","uploadtime":1711920010,"views":31,"formatid":"gen9almostanyability","rating":null,"private":0,"password":null}