{"id":"smogtours-gen9almostanyability-757929","format":"[Gen 9] Almost Any Ability","players":["Betticus IV","DeepFriedMagikarp"],"log":"|inactive|Battle timer is ON: inactive players will automatically lose when time's up.\n|t:|1711918533\n|gametype|singles\n|player|p1|Betticus IV|102|\n|player|p2|DeepFriedMagikarp|266|\n|teamsize|p1|6\n|teamsize|p2|6\n|gen|9\n|tier|[Gen 9] Almost Any Ability\n|rule|Species Clause: Limit one of each Pok\u00e9mon\n|rule|OHKO Clause: OHKO moves are banned\n|rule|Evasion Moves Clause: Evasion moves are banned\n|rule|Endless Battle Clause: Forcing endless battles is banned\n|rule|HP Percentage Mod: HP is shown in percentages\n|rule|1 Ability Clause: Limit 1 of each ability\n|rule|Sleep Moves Clause: Sleep-inducing moves are banned\n|rule|Terastal Clause: You cannot Terastallize\n|clearpoke\n|poke|p1|Roaring Moon|\n|poke|p1|Scream Tail|\n|poke|p1|Iron Moth|\n|poke|p1|Skarmory, M|\n|poke|p1|Great Tusk|\n|poke|p1|Barraskewda, M|\n|poke|p2|Dragonite, M|\n|poke|p2|Ogerpon-Wellspring, F|\n|poke|p2|Swampert, F|\n|poke|p2|Kingambit, F|\n|poke|p2|Corviknight, M|\n|poke|p2|Gholdengo|\n|teampreview\n|c|\u2606Betticus IV|glhf\n|c|\u2606DeepFriedMagikarp|glhf\n|\n|t:|1711918562\n|start\n|switch|p1a: Barraskewda|Barraskewda, M, shiny|100\/100\n|switch|p2a: Ogerpon|Ogerpon-Wellspring, F|100\/100\n|-weather|PrimordialSea|[from] ability: Primordial Sea|[of] p1a: Barraskewda\n|-ability|p2a: Ogerpon|Sword of Ruin\n|turn|1\n|\n|t:|1711918591\n|move|p1a: Barraskewda|Flip Turn|p2a: Ogerpon\n|-resisted|p2a: Ogerpon\n|-damage|p2a: Ogerpon|79\/100\n|\n|t:|1711918595\n|-weather|none\n|switch|p1a: Roaring Moon|Roaring Moon|100\/100|[from] Flip Turn\n|move|p2a: Ogerpon|Stomping Tantrum|p1a: Roaring Moon\n|-damage|p1a: Roaring Moon|53\/100\n|\n|upkeep\n|turn|2\n|\n|t:|1711918612\n|switch|p2a: Corviknight|Corviknight, M|100\/100\n|move|p1a: Roaring Moon|U-turn|p2a: Corviknight\n|-resisted|p2a: Corviknight\n|-damage|p2a: Corviknight|99\/100\n|-damage|p1a: Roaring Moon|36\/100|[from] item: Rocky Helmet|[of] p2a: Corviknight\n|\n|t:|1711918615\n|switch|p1a: Iron Moth|Iron Moth|100\/100|[from] U-turn\n|-weather|DesolateLand|[from] ability: Desolate Land|[of] p1a: Iron Moth\n|\n|-weather|DesolateLand|[upkeep]\n|upkeep\n|turn|3\n|\n|t:|1711918620\n|switch|p2a: Dragonite|Dragonite, M|100\/100\n|move|p1a: Iron Moth|Toxic Spikes|p2a: Dragonite\n|-sidestart|p2: DeepFriedMagikarp|move: Toxic Spikes\n|\n|-weather|DesolateLand|[upkeep]\n|upkeep\n|turn|4\n|\n|t:|1711918626\n|move|p1a: Iron Moth|U-turn|p2a: Dragonite\n|-resisted|p2a: Dragonite\n|-damage|p2a: Dragonite|96\/100\n|\n|t:|1711918628\n|-weather|none\n|switch|p1a: Scream Tail|Scream Tail|100\/100|[from] U-turn\n|move|p2a: Dragonite|Dragon Dance|p2a: Dragonite\n|-boost|p2a: Dragonite|atk|1\n|-boost|p2a: Dragonite|spe|1\n|\n|upkeep\n|turn|5\n|\n|t:|1711918633\n|switch|p2a: Gholdengo|Gholdengo|100\/100\n|move|p1a: Scream Tail|Boomburst|p2a: Gholdengo\n|-resisted|p2a: Gholdengo\n|-damage|p2a: Gholdengo|76\/100\n|\n|upkeep\n|turn|6\n|\n|t:|1711918638\n|switch|p1a: Roaring Moon|Roaring Moon|69\/100\n|move|p2a: Gholdengo|Trick|p1a: Roaring Moon\n|-activate|p2a: Gholdengo|move: Trick|[of] p1a: Roaring Moon\n|-item|p1a: Roaring Moon|Choice Scarf|[from] move: Trick\n|-item|p2a: Gholdengo|Assault Vest|[from] move: Trick\n|\n|upkeep\n|turn|7\n|\n|t:|1711918645\n|switch|p2a: Corviknight|Corviknight, M|99\/100\n|move|p1a: Roaring Moon|U-turn|p2a: Corviknight\n|-resisted|p2a: Corviknight\n|-damage|p2a: Corviknight|97\/100\n|-damage|p1a: Roaring Moon|53\/100|[from] item: Rocky Helmet|[of] p2a: Corviknight\n|\n|t:|1711918648\n|switch|p1a: Skarmory|Skarmory, M, shiny|100\/100|[from] U-turn\n|\n|upkeep\n|turn|8\n|\n|t:|1711918652\n|move|p1a: Skarmory|Taunt|p2a: Corviknight\n|-start|p2a: Corviknight|move: Taunt\n|cant|p2a: Corviknight|move: Taunt|Defog\n|\n|upkeep\n|turn|9\n|\n|t:|1711918664\n|switch|p2a: Kingambit|Kingambit, F|100\/100\n|move|p1a: Skarmory|Spikes|p2a: Kingambit\n|-sidestart|p2: DeepFriedMagikarp|Spikes\n|\n|upkeep\n|turn|10\n|\n|t:|1711918668\n|move|p1a: Skarmory|Taunt|p2a: Kingambit\n|-start|p2a: Kingambit|move: Taunt\n|cant|p2a: Kingambit|move: Taunt|Swords Dance\n|\n|upkeep\n|turn|11\n|\n|t:|1711918671\n|move|p1a: Skarmory|Spikes|p2a: Kingambit\n|-sidestart|p2: DeepFriedMagikarp|Spikes\n|move|p2a: Kingambit|Kowtow Cleave|p1a: Skarmory\n|-damage|p1a: Skarmory|58\/100\n|-enditem|p1a: Skarmory|Eject Button\n|\n|t:|1711918675\n|switch|p1a: Great Tusk|Great Tusk, shiny|100\/100\n|\n|upkeep\n|turn|12\n|\n|t:|1711918678\n|switch|p2a: Corviknight|Corviknight, M|97\/100\n|move|p1a: Great Tusk|Knock Off|p2a: Corviknight\n|-damage|p2a: Corviknight|89\/100\n|-damage|p1a: Great Tusk|84\/100|[from] item: Rocky Helmet|[of] p2a: Corviknight\n|-enditem|p2a: Corviknight|Rocky Helmet|[from] move: Knock Off|[of] p1a: Great Tusk\n|\n|-heal|p1a: Great Tusk|90\/100|[from] item: Leftovers\n|upkeep\n|turn|13\n|\n|t:|1711918682\n|move|p1a: Great Tusk|Taunt|p2a: Corviknight\n|-start|p2a: Corviknight|move: Taunt\n|move|p2a: Corviknight|Brave Bird|p1a: Great Tusk\n|-supereffective|p1a: Great Tusk\n|-damage|p1a: Great Tusk|56\/100\n|-damage|p2a: Corviknight|77\/100|[from] Recoil\n|\n|-heal|p1a: Great Tusk|63\/100|[from] item: Leftovers\n|upkeep\n|turn|14\n|\n|t:|1711918689\n|move|p1a: Great Tusk|Knock Off|p2a: Corviknight\n|-damage|p2a: Corviknight|71\/100\n|move|p2a: Corviknight|U-turn|p1a: Great Tusk\n|-resisted|p1a: Great Tusk\n|-crit|p1a: Great Tusk\n|-damage|p1a: Great Tusk|57\/100\n|\n|t:|1711918716\n|switch|p2a: Gholdengo|Gholdengo|76\/100|[from] U-turn\n|\n|-heal|p1a: Great Tusk|63\/100|[from] item: Leftovers\n|upkeep\n|turn|15\n|\n|t:|1711918719\n|switch|p2a: Corviknight|Corviknight, M|71\/100\n|switch|p1a: Roaring Moon|Roaring Moon|86\/100\n|\n|upkeep\n|turn|16\n|\n|t:|1711918723\n|switch|p1a: Iron Moth|Iron Moth|100\/100\n|-weather|DesolateLand|[from] ability: Desolate Land|[of] p1a: Iron Moth\n|move|p2a: Corviknight|Defog|p1a: Iron Moth\n|-unboost|p1a: Iron Moth|evasion|1\n|-sideend|p2: DeepFriedMagikarp|Spikes|[from] move: Defog|[of] p2a: Corviknight\n|-sideend|p2: DeepFriedMagikarp|Toxic Spikes|[from] move: Defog|[of] p2a: Corviknight\n|\n|-weather|DesolateLand|[upkeep]\n|upkeep\n|turn|17\n|\n|t:|1711918738\n|switch|p2a: Dragonite|Dragonite, M|96\/100\n|move|p1a: Iron Moth|U-turn|p2a: Dragonite\n|-resisted|p2a: Dragonite\n|-damage|p2a: Dragonite|91\/100\n|\n|t:|1711918740\n|-weather|none\n|switch|p1a: Scream Tail|Scream Tail|100\/100|[from] U-turn\n|\n|upkeep\n|turn|18\n|\n|t:|1711918743\n|switch|p2a: Swampert|Swampert, F|100\/100\n|move|p1a: Scream Tail|Stealth Rock|p2a: Swampert\n|-sidestart|p2: DeepFriedMagikarp|move: Stealth Rock\n|\n|upkeep\n|turn|19\n|\n|t:|1711918751\n|move|p1a: Scream Tail|Wish|p1a: Scream Tail\n|move|p2a: Swampert|Flip Turn|p1a: Scream Tail\n|-damage|p1a: Scream Tail|82\/100\n|\n|t:|1711918754\n|switch|p2a: Kingambit|Kingambit, F|100\/100|[from] Flip Turn\n|-damage|p2a: Kingambit|94\/100|[from] Stealth Rock\n|\n|-heal|p1a: Scream Tail|88\/100|[from] item: Leftovers\n|-heal|p2a: Kingambit|100\/100|[from] item: Leftovers\n|upkeep\n|turn|20\n|\n|t:|1711918758\n|switch|p1a: Great Tusk|Great Tusk, shiny|63\/100\n|move|p2a: Kingambit|Iron Head|p1a: Great Tusk\n|-damage|p1a: Great Tusk|33\/100\n|\n|-heal|p1a: Great Tusk|83\/100|[from] move: Wish|[wisher] Scream Tail\n|-heal|p1a: Great Tusk|89\/100|[from] item: Leftovers\n|upkeep\n|turn|21\n|\n|t:|1711918764\n|switch|p2a: Corviknight|Corviknight, M|71\/100\n|-damage|p2a: Corviknight|59\/100|[from] Stealth Rock\n|move|p1a: Great Tusk|Earthquake|p2a: Corviknight\n|-immune|p2a: Corviknight\n|\n|-heal|p1a: Great Tusk|96\/100|[from] item: Leftovers\n|upkeep\n|turn|22\n|\n|t:|1711918768\n|move|p1a: Great Tusk|Taunt|p2a: Corviknight\n|-start|p2a: Corviknight|move: Taunt\n|move|p2a: Corviknight|Brave Bird|p1a: Great Tusk\n|-supereffective|p1a: Great Tusk\n|-damage|p1a: Great Tusk|59\/100\n|-damage|p2a: Corviknight|46\/100|[from] Recoil\n|\n|-heal|p1a: Great Tusk|65\/100|[from] item: Leftovers\n|upkeep\n|turn|23\n|\n|t:|1711918772\n|switch|p1a: Skarmory|Skarmory, M, shiny|58\/100\n|move|p2a: Corviknight|U-turn|p1a: Skarmory\n|-resisted|p1a: Skarmory\n|-damage|p1a: Skarmory|56\/100\n|inactive|DeepFriedMagikarp has 270 seconds left.\n|\n|t:|1711918814\n|switch|p2a: Ogerpon|Ogerpon-Wellspring, F|79\/100|[from] U-turn\n|-damage|p2a: Ogerpon|67\/100|[from] Stealth Rock\n|-ability|p2a: Ogerpon|Sword of Ruin\n|\n|upkeep\n|turn|24\n|\n|t:|1711918817\n|switch|p1a: Roaring Moon|Roaring Moon|100\/100\n|move|p2a: Ogerpon|Play Rough|p1a: Roaring Moon|[miss]\n|-miss|p2a: Ogerpon|p1a: Roaring Moon\n|\n|upkeep\n|turn|25\n|c|\u2606Betticus IV|mb\n|c|\u2606DeepFriedMagikarp|mm thats hard\n|inactive|DeepFriedMagikarp has 270 seconds left.\n|\n|t:|1711918837\n|move|p1a: Roaring Moon|U-turn|p2a: Ogerpon\n|-supereffective|p2a: Ogerpon\n|-damage|p2a: Ogerpon|8\/100\n|\n|t:|1711918843\n|switch|p1a: Iron Moth|Iron Moth|100\/100|[from] U-turn\n|-weather|DesolateLand|[from] ability: Desolate Land|[of] p1a: Iron Moth\n|move|p2a: Ogerpon|Ivy Cudgel||[still]\n|-fail|p2a: Ogerpon|Ivy Cudgel|[from] Desolate Land\n|\n|-weather|DesolateLand|[upkeep]\n|upkeep\n|turn|26\n|\n|t:|1711918853\n|-weather|none\n|switch|p1a: Roaring Moon|Roaring Moon|100\/100\n|move|p2a: Ogerpon|Play Rough|p1a: Roaring Moon|[miss]\n|-miss|p2a: Ogerpon|p1a: Roaring Moon\n|\n|upkeep\n|turn|27\n|c|\u2606DeepFriedMagikarp|mmm\n|c|\u2606Betticus IV|mb again\n|inactive|DeepFriedMagikarp has 270 seconds left.\n|\n|t:|1711918888\n|switch|p2a: Dragonite|Dragonite, M|91\/100\n|move|p1a: Roaring Moon|U-turn|p2a: Dragonite\n|-resisted|p2a: Dragonite\n|-damage|p2a: Dragonite|81\/100\n|\n|t:|1711918893\n|switch|p1a: Scream Tail|Scream Tail|88\/100|[from] U-turn\n|\n|-heal|p1a: Scream Tail|94\/100|[from] item: Leftovers\n|upkeep\n|turn|28\n|\n|t:|1711918896\n|switch|p2a: Swampert|Swampert, F|100\/100\n|-damage|p2a: Swampert|94\/100|[from] Stealth Rock\n|move|p1a: Scream Tail|Boomburst|p2a: Swampert\n|-crit|p2a: Swampert\n|-damage|p2a: Swampert|66\/100\n|\n|-heal|p1a: Scream Tail|99\/100|[from] item: Leftovers\n|upkeep\n|turn|29\n|\n|t:|1711918902\n|switch|p1a: Great Tusk|Great Tusk, shiny|65\/100\n|move|p2a: Swampert|Knock Off|p1a: Great Tusk\n|-resisted|p1a: Great Tusk\n|-damage|p1a: Great Tusk|59\/100\n|-enditem|p1a: Great Tusk|Leftovers|[from] move: Knock Off|[of] p2a: Swampert\n|\n|upkeep\n|turn|30\n|\n|t:|1711918906\n|move|p1a: Great Tusk|Knock Off|p2a: Swampert\n|-damage|p2a: Swampert|42\/100\n|-enditem|p2a: Swampert|Assault Vest|[from] move: Knock Off|[of] p1a: Great Tusk\n|move|p2a: Swampert|Ice Beam|p1a: Great Tusk\n|-supereffective|p1a: Great Tusk\n|-damage|p1a: Great Tusk|14\/100\n|\n|upkeep\n|turn|31\n|\n|t:|1711918915\n|switch|p1a: Barraskewda|Barraskewda, M, shiny|100\/100\n|-weather|PrimordialSea|[from] ability: Primordial Sea|[of] p1a: Barraskewda\n|move|p2a: Swampert|Flip Turn|p1a: Barraskewda\n|-resisted|p1a: Barraskewda\n|-damage|p1a: Barraskewda|68\/100\n|\n|t:|1711918919\n|switch|p2a: Dragonite|Dragonite, M|81\/100|[from] Flip Turn\n|\n|-weather|PrimordialSea|[upkeep]\n|upkeep\n|turn|32\n|\n|t:|1711918924\n|-weather|none\n|switch|p1a: Great Tusk|Great Tusk, shiny|14\/100\n|move|p2a: Dragonite|Extreme Speed|p1a: Great Tusk\n|-supereffective|p1a: Great Tusk\n|-damage|p1a: Great Tusk|0 fnt\n|faint|p1a: Great Tusk\n|\n|upkeep\n|\n|t:|1711918927\n|switch|p1a: Scream Tail|Scream Tail|99\/100\n|turn|33\n|\n|t:|1711918931\n|switch|p1a: Barraskewda|Barraskewda, M, shiny|68\/100\n|-weather|PrimordialSea|[from] ability: Primordial Sea|[of] p1a: Barraskewda\n|switch|p2a: Gholdengo|Gholdengo|76\/100\n|-damage|p2a: Gholdengo|70\/100|[from] Stealth Rock\n|\n|-weather|PrimordialSea|[upkeep]\n|upkeep\n|turn|34\n|\n|t:|1711918944\n|switch|p2a: Ogerpon|Ogerpon-Wellspring, F|8\/100\n|-damage|p2a: Ogerpon|0 fnt|[from] Stealth Rock\n|faint|p2a: Ogerpon\n|move|p1a: Barraskewda|Liquidation|p2: Ogerpon|[notarget]\n|-fail|p1a: Barraskewda\n|\n|-weather|PrimordialSea|[upkeep]\n|upkeep\n|inactive|DeepFriedMagikarp has 270 seconds left.\n|inactive|DeepFriedMagikarp has 240 seconds left.\n|inactive|DeepFriedMagikarp has 210 seconds left.\n|\n|t:|1711919059\n|switch|p2a: Kingambit|Kingambit, F|100\/100\n|-damage|p2a: Kingambit|94\/100|[from] Stealth Rock\n|turn|35\n|\n|t:|1711919067\n|move|p2a: Kingambit|Sucker Punch|p1a: Barraskewda\n|-damage|p1a: Barraskewda|0 fnt\n|faint|p1a: Barraskewda\n|-weather|none\n|\n|-heal|p2a: Kingambit|100\/100|[from] item: Leftovers\n|upkeep\n|\n|t:|1711919074\n|switch|p1a: Iron Moth|Iron Moth|100\/100\n|-weather|DesolateLand|[from] ability: Desolate Land|[of] p1a: Iron Moth\n|turn|36\n|inactive|DeepFriedMagikarp has 180 seconds left.\n|inactive|DeepFriedMagikarp has 150 seconds left.\n|\n|t:|1711919130\n|switch|p2a: Swampert|Swampert, F|75\/100\n|-damage|p2a: Swampert|69\/100|[from] Stealth Rock\n|move|p1a: Iron Moth|Toxic Spikes|p2a: Swampert\n|-sidestart|p2: DeepFriedMagikarp|move: Toxic Spikes\n|\n|-weather|DesolateLand|[upkeep]\n|upkeep\n|turn|37\n|\n|t:|1711919137\n|move|p1a: Iron Moth|U-turn|p2a: Swampert\n|-damage|p2a: Swampert|59\/100\n|\n|t:|1711919140\n|-weather|none\n|switch|p1a: Skarmory|Skarmory, M, shiny|56\/100|[from] U-turn\n|move|p2a: Swampert|Flip Turn|p1a: Skarmory\n|-damage|p1a: Skarmory|43\/100\n|\n|t:|1711919153\n|switch|p2a: Gholdengo|Gholdengo|70\/100|[from] Flip Turn\n|-damage|p2a: Gholdengo|64\/100|[from] Stealth Rock\n|\n|upkeep\n|turn|38\n|\n|t:|1711919157\n|switch|p2a: Kingambit|Kingambit, F|100\/100\n|-damage|p2a: Kingambit|94\/100|[from] Stealth Rock\n|switch|p1a: Roaring Moon|Roaring Moon|100\/100\n|\n|-heal|p2a: Kingambit|100\/100|[from] item: Leftovers\n|upkeep\n|turn|39\n|inactive|DeepFriedMagikarp has 150 seconds left.\n|\n|t:|1711919199\n|switch|p2a: Dragonite|Dragonite, M|81\/100\n|move|p1a: Roaring Moon|Earthquake|p2a: Dragonite\n|-immune|p2a: Dragonite\n|\n|upkeep\n|turn|40\n|\n|t:|1711919202\n|switch|p1a: Scream Tail|Scream Tail|99\/100\n|move|p2a: Dragonite|Dragon Dance|p2a: Dragonite\n|-boost|p2a: Dragonite|atk|1\n|-boost|p2a: Dragonite|spe|1\n|\n|-heal|p1a: Scream Tail|100\/100|[from] item: Leftovers\n|upkeep\n|turn|41\n|\n|t:|1711919207\n|switch|p2a: Gholdengo|Gholdengo|64\/100\n|-damage|p2a: Gholdengo|58\/100|[from] Stealth Rock\n|move|p1a: Scream Tail|Boomburst|p2a: Gholdengo\n|-resisted|p2a: Gholdengo\n|-damage|p2a: Gholdengo|41\/100\n|\n|upkeep\n|turn|42\n|\n|t:|1711919212\n|switch|p1a: Roaring Moon|Roaring Moon|100\/100\n|move|p2a: Gholdengo|Make It Rain|p1a: Roaring Moon\n|-damage|p1a: Roaring Moon|53\/100\n|-unboost|p2a: Gholdengo|spa|1\n|\n|upkeep\n|turn|43\n|\n|t:|1711919218\n|move|p2a: Gholdengo|Shadow Ball|p1a: Roaring Moon\n|-resisted|p1a: Roaring Moon\n|-damage|p1a: Roaring Moon|42\/100\n|move|p1a: Roaring Moon|Dragon Tail|p2a: Gholdengo\n|-resisted|p2a: Gholdengo\n|-damage|p2a: Gholdengo|27\/100\n|drag|p2a: Kingambit|Kingambit, F|100\/100\n|-damage|p2a: Kingambit|94\/100|[from] Stealth Rock\n|\n|-heal|p2a: Kingambit|100\/100|[from] item: Leftovers\n|upkeep\n|turn|44\n|inactive|DeepFriedMagikarp has 180 seconds left.\n|\n|t:|1711919230\n|move|p2a: Kingambit|Iron Head|p1a: Roaring Moon\n|-damage|p1a: Roaring Moon|0 fnt\n|faint|p1a: Roaring Moon\n|\n|upkeep\n|\n|t:|1711919232\n|switch|p1a: Iron Moth|Iron Moth|100\/100\n|-weather|DesolateLand|[from] ability: Desolate Land|[of] p1a: Iron Moth\n|turn|45\n|inactive|DeepFriedMagikarp has 180 seconds left.\n|inactive|DeepFriedMagikarp has 150 seconds left.\n|\n|t:|1711919282\n|switch|p2a: Swampert|Swampert, F|93\/100\n|-damage|p2a: Swampert|86\/100|[from] Stealth Rock\n|-status|p2a: Swampert|psn\n|move|p1a: Iron Moth|Flamethrower|p2a: Swampert\n|-resisted|p2a: Swampert\n|-crit|p2a: Swampert\n|-damage|p2a: Swampert|52\/100 psn\n|\n|-weather|DesolateLand|[upkeep]\n|-damage|p2a: Swampert|39\/100 psn|[from] psn\n|upkeep\n|turn|46\n|\n|t:|1711919305\n|move|p1a: Iron Moth|U-turn|p2a: Swampert\n|-damage|p2a: Swampert|30\/100 psn\n|\n|t:|1711919308\n|-weather|none\n|switch|p1a: Skarmory|Skarmory, M, shiny|43\/100|[from] U-turn\n|move|p2a: Swampert|Knock Off|p1a: Skarmory\n|-damage|p1a: Skarmory|33\/100\n|\n|-damage|p2a: Swampert|17\/100 psn|[from] psn\n|upkeep\n|turn|47\n|\n|t:|1711919312\n|move|p1a: Skarmory|Roost|p1a: Skarmory\n|-heal|p1a: Skarmory|83\/100\n|-singleturn|p1a: Skarmory|move: Roost\n|move|p2a: Swampert|Flip Turn|p1a: Skarmory\n|-damage|p1a: Skarmory|70\/100\n|inactive|DeepFriedMagikarp has 150 seconds left.\n|\n|t:|1711919338\n|switch|p2a: Kingambit|Kingambit, F|100\/100|[from] Flip Turn\n|-damage|p2a: Kingambit|94\/100|[from] Stealth Rock\n|\n|-heal|p2a: Kingambit|100\/100|[from] item: Leftovers\n|upkeep\n|turn|48\n|\n|t:|1711919342\n|move|p1a: Skarmory|Taunt|p2a: Kingambit\n|-start|p2a: Kingambit|move: Taunt\n|move|p2a: Kingambit|Kowtow Cleave|p1a: Skarmory\n|-damage|p1a: Skarmory|27\/100\n|\n|upkeep\n|turn|49\n|\n|t:|1711919345\n|move|p1a: Skarmory|Spikes|p2a: Kingambit\n|-sidestart|p2: DeepFriedMagikarp|Spikes\n|move|p2a: Kingambit|Kowtow Cleave|p1a: Skarmory\n|-damage|p1a: Skarmory|0 fnt\n|faint|p1a: Skarmory\n|\n|upkeep\n|\n|t:|1711919349\n|switch|p1a: Iron Moth|Iron Moth|100\/100\n|-weather|DesolateLand|[from] ability: Desolate Land|[of] p1a: Iron Moth\n|turn|50\n|inactive|DeepFriedMagikarp has 180 seconds left.\n|\n|t:|1711919357\n|switch|p2a: Dragonite|Dragonite, M|81\/100\n|move|p1a: Iron Moth|Flamethrower|p2a: Dragonite\n|-resisted|p2a: Dragonite\n|-damage|p2a: Dragonite|47\/100\n|\n|-weather|DesolateLand|[upkeep]\n|upkeep\n|turn|51\n|inactive|DeepFriedMagikarp has 180 seconds left.\n|\n|t:|1711919394\n|move|p2a: Dragonite|Extreme Speed|p1a: Iron Moth\n|-damage|p1a: Iron Moth|0 fnt\n|faint|p1a: Iron Moth\n|-weather|none\n|\n|upkeep\n|\n|t:|1711919396\n|switch|p1a: Scream Tail|Scream Tail|100\/100\n|turn|52\n|\n|t:|1711919401\n|move|p2a: Dragonite|Extreme Speed|p1a: Scream Tail\n|-damage|p1a: Scream Tail|59\/100\n|move|p1a: Scream Tail|Boomburst|p2a: Dragonite\n|-supereffective|p2a: Dragonite\n|-damage|p2a: Dragonite|0 fnt\n|faint|p2a: Dragonite\n|\n|-heal|p1a: Scream Tail|65\/100|[from] item: Leftovers\n|upkeep\n|\n|t:|1711919404\n|switch|p2a: Kingambit|Kingambit, F|100\/100\n|-damage|p2a: Kingambit|94\/100|[from] Stealth Rock\n|-damage|p2a: Kingambit|82\/100|[from] Spikes\n|turn|53\n|\n|t:|1711919406\n|move|p1a: Scream Tail|Boomburst|p2a: Kingambit\n|-damage|p2a: Kingambit|41\/100\n|move|p2a: Kingambit|Iron Head|p1a: Scream Tail\n|-supereffective|p1a: Scream Tail\n|-damage|p1a: Scream Tail|0 fnt\n|faint|p1a: Scream Tail\n|\n|win|DeepFriedMagikarp\n","uploadtime":1711919406,"views":23,"formatid":"gen9almostanyability","rating":null,"private":0,"password":null}