{"id":"smogtours-gen9almostanyability-757905","format":"[Gen 9] Almost Any Ability","players":["DeepFriedMagikarp","Betticus IV"],"log":"|inactive|Battle timer is ON: inactive players will automatically lose when time's up.\n|t:|1711917772\n|gametype|singles\n|player|p1|DeepFriedMagikarp|266|\n|player|p2|Betticus IV|102|\n|teamsize|p1|6\n|teamsize|p2|6\n|gen|9\n|tier|[Gen 9] Almost Any Ability\n|rule|Species Clause: Limit one of each Pok\u00e9mon\n|rule|OHKO Clause: OHKO moves are banned\n|rule|Evasion Moves Clause: Evasion moves are banned\n|rule|Endless Battle Clause: Forcing endless battles is banned\n|rule|HP Percentage Mod: HP is shown in percentages\n|rule|1 Ability Clause: Limit 1 of each ability\n|rule|Sleep Moves Clause: Sleep-inducing moves are banned\n|rule|Terastal Clause: You cannot Terastallize\n|clearpoke\n|poke|p1|Corviknight, F|\n|poke|p1|Zapdos|\n|poke|p1|Manaphy|\n|poke|p1|Gholdengo|\n|poke|p1|Kingambit, M|\n|poke|p1|Heatran, M|\n|poke|p2|Meowscarada, M|\n|poke|p2|Zamazenta-*|\n|poke|p2|Corviknight, M|\n|poke|p2|Pecharunt|\n|poke|p2|Ting-Lu|\n|poke|p2|Empoleon, M|\n|teampreview\n|c|\u2606Betticus IV|glhf\n|c|\u2606DeepFriedMagikarp|u2\n|inactive|DeepFriedMagikarp has 270 seconds left.\n|inactive|Betticus IV has 270 seconds left.\n|inactive|Betticus IV has 240 seconds left.\n|\n|t:|1711917845\n|start\n|switch|p1a: Gholdengo|Gholdengo|100\/100\n|switch|p2a: Ting-Lu|Ting-Lu|100\/100\n|turn|1\n|\n|t:|1711917848\n|move|p1a: Gholdengo|Trick|p2a: Ting-Lu\n|-activate|p1a: Gholdengo|move: Trick|[of] p2a: Ting-Lu\n|-item|p2a: Ting-Lu|Choice Scarf|[from] move: Trick\n|-item|p1a: Gholdengo|Leftovers|[from] move: Trick\n|move|p2a: Ting-Lu|Spikes|p1a: Gholdengo\n|-sidestart|p1: DeepFriedMagikarp|Spikes\n|\n|upkeep\n|turn|2\n|\n|t:|1711917855\n|switch|p2a: Empoleon|Empoleon, M, shiny|100\/100\n|move|p1a: Gholdengo|Shadow Ball|p2a: Empoleon\n|-immune|p2a: Empoleon|[from] ability: Bulletproof\n|\n|upkeep\n|turn|3\n|\n|t:|1711917863\n|switch|p1a: Manaphy|Manaphy|100\/100\n|-damage|p1a: Manaphy|88\/100|[from] Spikes\n|move|p2a: Empoleon|Knock Off|p1a: Manaphy\n|-damage|p1a: Manaphy|77\/100\n|-enditem|p1a: Manaphy|Assault Vest|[from] move: Knock Off|[of] p2a: Empoleon\n|\n|upkeep\n|turn|4\n|\n|t:|1711917869\n|move|p1a: Manaphy|Scald|p2a: Empoleon\n|-resisted|p2a: Empoleon\n|-damage|p2a: Empoleon|91\/100\n|move|p2a: Empoleon|Stealth Rock|p1a: Manaphy\n|-sidestart|p1: DeepFriedMagikarp|move: Stealth Rock\n|\n|-heal|p2a: Empoleon|98\/100|[from] item: Leftovers\n|upkeep\n|turn|5\n|\n|t:|1711917874\n|move|p1a: Manaphy|Scald|p2a: Empoleon\n|-resisted|p2a: Empoleon\n|-damage|p2a: Empoleon|88\/100\n|move|p2a: Empoleon|Flip Turn|p1a: Manaphy\n|-resisted|p1a: Manaphy\n|-damage|p1a: Manaphy|72\/100\n|\n|t:|1711917879\n|switch|p2a: Meowscarada|Meowscarada, M, shiny|100\/100|[from] Flip Turn\n|\n|upkeep\n|turn|6\n|\n|t:|1711917885\n|switch|p1a: Corviknight|Corviknight, F|100\/100\n|-damage|p1a: Corviknight|88\/100|[from] Stealth Rock\n|move|p2a: Meowscarada|Dark Pulse|p1a: Corviknight\n|-damage|p1a: Corviknight|37\/100\n|-damage|p2a: Meowscarada|91\/100|[from] item: Life Orb\n|\n|upkeep\n|turn|7\n|\n|t:|1711917894\n|switch|p1a: Kingambit|Kingambit, M|100\/100\n|-damage|p1a: Kingambit|88\/100|[from] Spikes\n|-damage|p1a: Kingambit|82\/100|[from] Stealth Rock\n|move|p2a: Meowscarada|Dark Pulse|p1a: Kingambit\n|-resisted|p1a: Kingambit\n|-damage|p1a: Kingambit|55\/100\n|-damage|p2a: Meowscarada|81\/100|[from] item: Life Orb\n|\n|-heal|p1a: Kingambit|62\/100|[from] item: Leftovers\n|upkeep\n|turn|8\n|\n|t:|1711917902\n|switch|p2a: Corviknight|Corviknight, M|100\/100\n|-weather|DeltaStream|[from] ability: Delta Stream|[of] p2a: Corviknight\n|move|p1a: Kingambit|Swords Dance|p1a: Kingambit\n|-boost|p1a: Kingambit|atk|2\n|\n|-weather|DeltaStream|[upkeep]\n|-heal|p1a: Kingambit|68\/100|[from] item: Leftovers\n|upkeep\n|turn|9\n|\n|t:|1711917907\n|switch|p1a: Zapdos|Zapdos|100\/100\n|-weather|PrimordialSea|[from] ability: Primordial Sea|[of] p1a: Zapdos\n|move|p2a: Corviknight|U-turn|p1a: Zapdos\n|-resisted|p1a: Zapdos\n|-damage|p1a: Zapdos|92\/100\n|inactive|Betticus IV has 270 seconds left.\n|\n|t:|1711917952\n|switch|p2a: Zamazenta|Zamazenta, shiny|100\/100|[from] U-turn\n|-ability|p2a: Zamazenta|Sword of Ruin\n|\n|-weather|PrimordialSea|[upkeep]\n|upkeep\n|turn|10\n|\n|t:|1711917960\n|-weather|none\n|switch|p1a: Manaphy|Manaphy|100\/100\n|-damage|p1a: Manaphy|88\/100|[from] Spikes\n|-damage|p1a: Manaphy|76\/100|[from] Stealth Rock\n|move|p2a: Zamazenta|Stone Edge|p1a: Manaphy\n|-damage|p1a: Manaphy|49\/100\n|\n|upkeep\n|turn|11\n|\n|t:|1711917974\n|switch|p2a: Pecharunt|Pecharunt|100\/100\n|-item|p2a: Pecharunt|Air Balloon\n|move|p1a: Manaphy|U-turn|p2a: Pecharunt\n|-resisted|p2a: Pecharunt\n|-damage|p2a: Pecharunt|99\/100\n|-enditem|p2a: Pecharunt|Air Balloon\n|\n|t:|1711917981\n|switch|p1a: Heatran|Heatran, M|100\/100|[from] U-turn\n|-damage|p1a: Heatran|88\/100|[from] Spikes\n|-damage|p1a: Heatran|76\/100|[from] Stealth Rock\n|-weather|DesolateLand|[from] ability: Desolate Land|[of] p1a: Heatran\n|\n|-weather|DesolateLand|[upkeep]\n|-heal|p1a: Heatran|82\/100|[from] item: Leftovers\n|upkeep\n|turn|12\n|\n|t:|1711917987\n|move|p1a: Heatran|Stealth Rock|p2a: Pecharunt\n|-sidestart|p2: Betticus IV|move: Stealth Rock\n|move|p2a: Pecharunt|Parting Shot|p1a: Heatran\n|-unboost|p1a: Heatran|atk|1\n|-unboost|p1a: Heatran|spa|1\n|\n|t:|1711917990\n|switch|p2a: Zamazenta|Zamazenta, shiny|100\/100|[from] Parting Shot\n|-damage|p2a: Zamazenta|94\/100|[from] Stealth Rock\n|-ability|p2a: Zamazenta|Sword of Ruin\n|\n|-weather|DesolateLand|[upkeep]\n|-heal|p1a: Heatran|88\/100|[from] item: Leftovers\n|upkeep\n|turn|13\n|\n|t:|1711917995\n|-weather|none\n|switch|p1a: Corviknight|Corviknight, F|37\/100\n|-damage|p1a: Corviknight|25\/100|[from] Stealth Rock\n|move|p2a: Zamazenta|Close Combat|p1a: Corviknight\n|-damage|p1a: Corviknight|0 fnt\n|-unboost|p2a: Zamazenta|def|1\n|-unboost|p2a: Zamazenta|spd|1\n|-damage|p2a: Zamazenta|78\/100|[from] item: Rocky Helmet|[of] p1a: Corviknight\n|faint|p1a: Corviknight\n|\n|upkeep\n|\n|t:|1711918023\n|switch|p1a: Zapdos|Zapdos|92\/100\n|-weather|PrimordialSea|[from] ability: Primordial Sea|[of] p1a: Zapdos\n|turn|14\n|\n|t:|1711918032\n|switch|p2a: Ting-Lu|Ting-Lu|100\/100\n|-damage|p2a: Ting-Lu|94\/100|[from] Stealth Rock\n|move|p1a: Zapdos|Thunder|p2a: Ting-Lu\n|-immune|p2a: Ting-Lu\n|\n|-weather|PrimordialSea|[upkeep]\n|upkeep\n|turn|15\n|\n|t:|1711918039\n|move|p1a: Zapdos|Weather Ball|p2a: Ting-Lu\n|-supereffective|p2a: Ting-Lu\n|-damage|p2a: Ting-Lu|35\/100\n|move|p2a: Ting-Lu|Spikes|p1a: Zapdos\n|-sidestart|p1: DeepFriedMagikarp|Spikes\n|\n|-weather|PrimordialSea|[upkeep]\n|upkeep\n|turn|16\n|\n|t:|1711918043\n|switch|p2a: Corviknight|Corviknight, M|100\/100\n|-damage|p2a: Corviknight|88\/100|[from] Stealth Rock\n|-weather|DeltaStream|[from] ability: Delta Stream|[of] p2a: Corviknight\n|move|p1a: Zapdos|Thunder|p2a: Corviknight\n|-fieldactivate|Delta Stream\n|-damage|p2a: Corviknight|35\/100\n|\n|-weather|DeltaStream|[upkeep]\n|-heal|p2a: Corviknight|41\/100|[from] item: Leftovers\n|upkeep\n|turn|17\n|\n|t:|1711918055\n|-weather|none\n|switch|p2a: Ting-Lu|Ting-Lu|68\/100\n|-damage|p2a: Ting-Lu|62\/100|[from] Stealth Rock\n|move|p1a: Zapdos|Thunder|p2a: Ting-Lu\n|-immune|p2a: Ting-Lu\n|\n|upkeep\n|turn|18\n|\n|t:|1711918074\n|move|p1a: Zapdos|Hurricane|p2a: Ting-Lu\n|-damage|p2a: Ting-Lu|32\/100\n|move|p2a: Ting-Lu|Ruination|p1a: Zapdos\n|-damage|p1a: Zapdos|46\/100\n|\n|upkeep\n|turn|19\n|\n|t:|1711918085\n|switch|p2a: Pecharunt|Pecharunt|99\/100\n|-damage|p2a: Pecharunt|87\/100|[from] Stealth Rock\n|move|p1a: Zapdos|Roost|p1a: Zapdos\n|-heal|p1a: Zapdos|96\/100\n|-singleturn|p1a: Zapdos|move: Roost\n|\n|upkeep\n|turn|20\n|\n|t:|1711918098\n|switch|p1a: Manaphy|Manaphy|82\/100\n|-damage|p1a: Manaphy|65\/100|[from] Spikes\n|-damage|p1a: Manaphy|53\/100|[from] Stealth Rock\n|move|p2a: Pecharunt|Parting Shot|p1a: Manaphy\n|-unboost|p1a: Manaphy|atk|1\n|-unboost|p1a: Manaphy|spa|1\n|\n|t:|1711918102\n|switch|p2a: Meowscarada|Meowscarada, M, shiny|81\/100|[from] Parting Shot\n|-damage|p2a: Meowscarada|68\/100|[from] Stealth Rock\n|\n|upkeep\n|turn|21\n|\n|t:|1711918114\n|switch|p1a: Kingambit|Kingambit, M|68\/100\n|-damage|p1a: Kingambit|51\/100|[from] Spikes\n|-damage|p1a: Kingambit|45\/100|[from] Stealth Rock\n|move|p2a: Meowscarada|Knock Off|p1a: Kingambit\n|-resisted|p1a: Kingambit\n|-crit|p1a: Kingambit\n|-damage|p1a: Kingambit|14\/100\n|-enditem|p1a: Kingambit|Leftovers|[from] move: Knock Off|[of] p2a: Meowscarada\n|-damage|p2a: Meowscarada|59\/100|[from] item: Life Orb\n|\n|upkeep\n|turn|22\n|\n|t:|1711918132\n|switch|p2a: Ting-Lu|Ting-Lu|65\/100\n|-damage|p2a: Ting-Lu|59\/100|[from] Stealth Rock\n|move|p1a: Kingambit|Sucker Punch||[still]\n|-fail|p1a: Kingambit\n|\n|upkeep\n|turn|23\n|\n|t:|1711918139\n|move|p2a: Ting-Lu|Earthquake|p1a: Kingambit\n|-supereffective|p1a: Kingambit\n|-damage|p1a: Kingambit|0 fnt\n|faint|p1a: Kingambit\n|\n|upkeep\n|\n|t:|1711918144\n|switch|p1a: Zapdos|Zapdos|96\/100\n|-weather|PrimordialSea|[from] ability: Primordial Sea|[of] p1a: Zapdos\n|turn|24\n|\n|t:|1711918155\n|switch|p2a: Corviknight|Corviknight, M|41\/100\n|-damage|p2a: Corviknight|29\/100|[from] Stealth Rock\n|-weather|DeltaStream|[from] ability: Delta Stream|[of] p2a: Corviknight\n|move|p1a: Zapdos|Thunder|p2a: Corviknight\n|-fieldactivate|Delta Stream\n|-damage|p2a: Corviknight|0 fnt\n|faint|p2a: Corviknight\n|-weather|none\n|\n|upkeep\n|\n|t:|1711918162\n|switch|p2a: Zamazenta|Zamazenta, shiny|78\/100\n|-damage|p2a: Zamazenta|72\/100|[from] Stealth Rock\n|-ability|p2a: Zamazenta|Sword of Ruin\n|turn|25\n|\n|t:|1711918166\n|switch|p1a: Manaphy|Manaphy|86\/100\n|-damage|p1a: Manaphy|70\/100|[from] Spikes\n|-damage|p1a: Manaphy|57\/100|[from] Stealth Rock\n|move|p2a: Zamazenta|Crunch|p1a: Manaphy\n|-damage|p1a: Manaphy|34\/100\n|\n|upkeep\n|turn|26\n|\n|t:|1711918173\n|switch|p2a: Ting-Lu|Ting-Lu|92\/100\n|-damage|p2a: Ting-Lu|86\/100|[from] Stealth Rock\n|move|p1a: Manaphy|U-turn|p2a: Ting-Lu\n|-supereffective|p2a: Ting-Lu\n|-damage|p2a: Ting-Lu|68\/100\n|\n|t:|1711918181\n|switch|p1a: Zapdos|Zapdos|96\/100|[from] U-turn\n|-weather|PrimordialSea|[from] ability: Primordial Sea|[of] p1a: Zapdos\n|\n|-weather|PrimordialSea|[upkeep]\n|upkeep\n|turn|27\n|\n|t:|1711918194\n|switch|p2a: Empoleon|Empoleon, M, shiny|88\/100\n|-damage|p2a: Empoleon|82\/100|[from] Stealth Rock\n|move|p1a: Zapdos|Weather Ball|p2a: Empoleon\n|-immune|p2a: Empoleon|[from] ability: Bulletproof\n|\n|-weather|PrimordialSea|[upkeep]\n|-heal|p2a: Empoleon|88\/100|[from] item: Leftovers\n|upkeep\n|turn|28\n|\n|t:|1711918201\n|move|p1a: Zapdos|Thunder|p2a: Empoleon\n|-supereffective|p2a: Empoleon\n|-damage|p2a: Empoleon|10\/100\n|-status|p2a: Empoleon|par\n|move|p2a: Empoleon|Flip Turn|p1a: Zapdos\n|-damage|p1a: Zapdos|63\/100\n|\n|t:|1711918210\n|switch|p2a: Meowscarada|Meowscarada, M, shiny|59\/100|[from] Flip Turn\n|-damage|p2a: Meowscarada|46\/100|[from] Stealth Rock\n|\n|-weather|PrimordialSea|[upkeep]\n|upkeep\n|turn|29\n|inactive|DeepFriedMagikarp has 270 seconds left.\n|\n|t:|1711918252\n|-weather|none\n|switch|p1a: Manaphy|Manaphy|67\/100\n|-damage|p1a: Manaphy|50\/100|[from] Spikes\n|-damage|p1a: Manaphy|38\/100|[from] Stealth Rock\n|move|p2a: Meowscarada|Knock Off|p1a: Manaphy\n|-damage|p1a: Manaphy|10\/100\n|-damage|p2a: Meowscarada|36\/100|[from] item: Life Orb\n|\n|upkeep\n|turn|30\n|inactive|DeepFriedMagikarp has 240 seconds left.\n|\n|t:|1711918285\n|move|p2a: Meowscarada|Knock Off|p1a: Manaphy\n|-damage|p1a: Manaphy|0 fnt\n|faint|p1a: Manaphy\n|-damage|p2a: Meowscarada|26\/100|[from] item: Life Orb\n|\n|upkeep\n|\n|t:|1711918287\n|switch|p1a: Heatran|Heatran, M|88\/100\n|-damage|p1a: Heatran|71\/100|[from] Spikes\n|-damage|p1a: Heatran|59\/100|[from] Stealth Rock\n|-weather|DesolateLand|[from] ability: Desolate Land|[of] p1a: Heatran\n|turn|31\n|\n|t:|1711918296\n|switch|p2a: Pecharunt|Pecharunt|87\/100\n|-damage|p2a: Pecharunt|74\/100|[from] Stealth Rock\n|move|p1a: Heatran|Magma Storm|p2a: Pecharunt\n|-ability|p2a: Pecharunt|Well-Baked Body|boost\n|-boost|p2a: Pecharunt|def|2\n|\n|-weather|DesolateLand|[upkeep]\n|-heal|p1a: Heatran|65\/100|[from] item: Leftovers\n|upkeep\n|turn|32\n|\n|t:|1711918306\n|move|p1a: Heatran|Solar Beam||[still]\n|-prepare|p1a: Heatran|Solar Beam\n|-anim|p1a: Heatran|Solar Beam|p2a: Pecharunt\n|-resisted|p2a: Pecharunt\n|-damage|p2a: Pecharunt|57\/100\n|move|p2a: Pecharunt|Shadow Ball|p1a: Heatran\n|-damage|p1a: Heatran|47\/100\n|-unboost|p1a: Heatran|spd|1\n|\n|-weather|DesolateLand|[upkeep]\n|-heal|p1a: Heatran|53\/100|[from] item: Leftovers\n|upkeep\n|turn|33\n|\n|t:|1711918321\n|-weather|none\n|switch|p1a: Zapdos|Zapdos|63\/100\n|-weather|PrimordialSea|[from] ability: Primordial Sea|[of] p1a: Zapdos\n|move|p2a: Pecharunt|Parting Shot|p1a: Zapdos\n|-unboost|p1a: Zapdos|atk|1\n|-unboost|p1a: Zapdos|spa|1\n|\n|t:|1711918328\n|switch|p2a: Meowscarada|Meowscarada, M, shiny|26\/100|[from] Parting Shot\n|-damage|p2a: Meowscarada|14\/100|[from] Stealth Rock\n|\n|-weather|PrimordialSea|[upkeep]\n|upkeep\n|turn|34\n|\n|t:|1711918332\n|-weather|none\n|switch|p1a: Heatran|Heatran, M|53\/100\n|-damage|p1a: Heatran|36\/100|[from] Spikes\n|-damage|p1a: Heatran|24\/100|[from] Stealth Rock\n|-weather|DesolateLand|[from] ability: Desolate Land|[of] p1a: Heatran\n|move|p2a: Meowscarada|Knock Off|p1a: Heatran\n|-damage|p1a: Heatran|0 fnt\n|-enditem|p1a: Heatran|Leftovers|[from] move: Knock Off|[of] p2a: Meowscarada\n|faint|p1a: Heatran\n|-weather|none\n|-damage|p2a: Meowscarada|4\/100|[from] item: Life Orb\n|\n|upkeep\n|inactive|DeepFriedMagikarp has 270 seconds left.\n|\n|t:|1711918339\n|switch|p1a: Gholdengo|Gholdengo|100\/100\n|-damage|p1a: Gholdengo|84\/100|[from] Spikes\n|-damage|p1a: Gholdengo|78\/100|[from] Stealth Rock\n|turn|35\n|\n|t:|1711918347\n|move|p2a: Meowscarada|Knock Off|p1a: Gholdengo\n|-supereffective|p1a: Gholdengo\n|-damage|p1a: Gholdengo|0 fnt\n|-enditem|p1a: Gholdengo|Leftovers|[from] move: Knock Off|[of] p2a: Meowscarada\n|faint|p1a: Gholdengo\n|-damage|p2a: Meowscarada|0 fnt|[from] item: Life Orb\n|faint|p2a: Meowscarada\n|\n|upkeep\n|\n|t:|1711918352\n|switch|p2a: Zamazenta|Zamazenta, shiny|72\/100\n|switch|p1a: Zapdos|Zapdos|63\/100\n|-damage|p2a: Zamazenta|65\/100|[from] Stealth Rock\n|-ability|p2a: Zamazenta|Sword of Ruin\n|-weather|PrimordialSea|[from] ability: Primordial Sea|[of] p1a: Zapdos\n|turn|36\n|c|\u2606DeepFriedMagikarp|dodge\n|\n|t:|1711918357\n|move|p2a: Zamazenta|Stone Edge|p1a: Zapdos\n|-supereffective|p1a: Zapdos\n|-damage|p1a: Zapdos|0 fnt\n|faint|p1a: Zapdos\n|-weather|none\n|\n|win|Betticus IV\n|c|\u2606Betticus IV|gg\n|c|\u2606DeepFriedMagikarp|gg\n|player|p2|\n|player|p1|\n|player|p1|DeepFriedMagikarp|266\n","uploadtime":1711918357,"views":60,"formatid":"gen9almostanyability","rating":null,"private":0,"password":null}