{"id":"gen9cap-2092784355","format":"[Gen 9] CAP","players":["RonSS4","Nvg1"],"log":"|j|\u2606RonSS4\n|j|\u2606Nvg1\n|t:|1711863481\n|gametype|singles\n|player|p1|RonSS4|brendan-masters|1000\n|player|p2|Nvg1|volkner|1094\n|teamsize|p1|6\n|teamsize|p2|6\n|gen|9\n|tier|[Gen 9] CAP\n|rated|\n|rule|Species Clause: Limit one of each Pok\u00e9mon\n|rule|OHKO Clause: OHKO moves are banned\n|rule|Evasion Items Clause: Evasion items are banned\n|rule|Evasion Moves Clause: Evasion moves are banned\n|rule|Endless Battle Clause: Forcing endless battles is banned\n|rule|HP Percentage Mod: HP is shown in percentages\n|rule|Sleep Moves Clause: Sleep-inducing moves are banned\n|clearpoke\n|poke|p1|Cawmodore, M|\n|poke|p1|Crucibelle, F|\n|poke|p1|Pyroak, M|\n|poke|p1|Caribolt, M|\n|poke|p1|Grimmsnarl, M|\n|poke|p1|Arghonaut, F|\n|poke|p2|Astrolotl, M|\n|poke|p2|Kitsunoh, M|\n|poke|p2|Snaelstrom, M|\n|poke|p2|Cresceidon, M|\n|poke|p2|Venomicon|\n|poke|p2|Caribolt, M|\n|teampreview\n|c|\u2606RonSS4|I made this team like 5 years ago\n|c|\u2606RonSS4|Gl hf\n|c|\u2606RonSS4|4*\n|c|\u2606Nvg1|u2\n|\n|t:|1711863534\n|start\n|switch|p1a: Grimmsnarl|Grimmsnarl, M, shiny|100\/100\n|switch|p2a: Snaelstrom|Snaelstrom, M|100\/100\n|turn|1\n|\n|t:|1711863572\n|move|p1a: Grimmsnarl|Taunt|p2a: Snaelstrom\n|-start|p2a: Snaelstrom|move: Taunt\n|cant|p2a: Snaelstrom|move: Taunt|Toxic\n|\n|-status|p2a: Snaelstrom|tox|[from] item: Toxic Orb\n|upkeep\n|turn|2\n|inactive|Battle timer is ON: inactive players will automatically lose when time's up. (requested by Nvg1)\n|\n|t:|1711863579\n|move|p1a: Grimmsnarl|Light Screen|p1a: Grimmsnarl\n|-sidestart|p1: RonSS4|move: Light Screen\n|move|p2a: Snaelstrom|Liquidation|p1a: Grimmsnarl\n|-damage|p1a: Grimmsnarl|75\/100\n|\n|upkeep\n|turn|3\n|\n|t:|1711863594\n|switch|p2a: Cresceidon|Cresceidon, M, shiny|100\/100\n|move|p1a: Grimmsnarl|Reflect|p1a: Grimmsnarl\n|-sidestart|p1: RonSS4|Reflect\n|\n|upkeep\n|turn|4\n|\n|t:|1711863601\n|move|p1a: Grimmsnarl|Taunt|p2a: Cresceidon\n|-start|p2a: Cresceidon|move: Taunt\n|move|p2a: Cresceidon|Moonblast|p1a: Grimmsnarl\n|-supereffective|p1a: Grimmsnarl\n|-damage|p1a: Grimmsnarl|43\/100\n|\n|upkeep\n|turn|5\n|\n|t:|1711863609\n|switch|p1a: CAPITAN|Cawmodore, M, shiny|100\/100\n|move|p2a: Cresceidon|Moonblast|p1a: CAPITAN\n|-resisted|p1a: CAPITAN\n|-damage|p1a: CAPITAN|88\/100\n|\n|upkeep\n|turn|6\n|\n|t:|1711863618\n|move|p2a: Cresceidon|Scald|p1a: CAPITAN\n|-damage|p1a: CAPITAN|67\/100\n|move|p1a: CAPITAN|Belly Drum|p1a: CAPITAN\n|-damage|p1a: CAPITAN|17\/100\n|-setboost|p1a: CAPITAN|atk|6|[from] move: Belly Drum\n|-enditem|p1a: CAPITAN|Sitrus Berry|[eat]\n|-heal|p1a: CAPITAN|42\/100|[from] item: Sitrus Berry\n|\n|-end|p2a: Cresceidon|move: Taunt\n|upkeep\n|turn|7\n|\n|t:|1711863633\n|move|p1a: CAPITAN|Bullet Punch|p2a: Cresceidon\n|-damage|p2a: Cresceidon|74\/100\n|move|p2a: Cresceidon|Thunder Wave|p1a: CAPITAN\n|-heal|p1a: CAPITAN|67\/100|[from] ability: Volt Absorb|[of] p2a: Cresceidon\n|\n|upkeep\n|turn|8\n|c|\u2606RonSS4|WOAH\n|c|\u2606RonSS4|1132 attack\n|c|\u2606RonSS4|Unawarr\n|c|\u2606RonSS4|Aaa\n|c|\u2606RonSS4|Wait no\n|c|\u2606RonSS4|huh\n|inactive|RonSS4 has 120 seconds left.\n|\n|t:|1711863677\n|switch|p2a: Kitsunoh|Kitsunoh, M, shiny|100\/100\n|move|p1a: CAPITAN|Acrobatics|p2a: Kitsunoh\n|-resisted|p2a: Kitsunoh\n|-damage|p2a: Kitsunoh|0 fnt\n|faint|p2a: Kitsunoh\n|\n|upkeep\n|\n|t:|1711863685\n|switch|p2a: Snaelstrom|Snaelstrom, M|100\/100 tox\n|turn|9\n|\n|t:|1711863689\n|move|p1a: CAPITAN|Acrobatics|p2a: Snaelstrom\n|-supereffective|p2a: Snaelstrom\n|-damage|p2a: Snaelstrom|0 fnt\n|faint|p2a: Snaelstrom\n|\n|-sideend|p1: RonSS4|move: Light Screen\n|upkeep\n|\n|t:|1711863703\n|switch|p2a: Cresceidon|Cresceidon, M, shiny|74\/100\n|turn|10\n|\n|t:|1711863708\n|move|p2a: Cresceidon|Scald|p1a: CAPITAN\n|-damage|p1a: CAPITAN|18\/100\n|move|p1a: CAPITAN|Acrobatics|p2a: Cresceidon\n|-damage|p2a: Cresceidon|0 fnt\n|faint|p2a: Cresceidon\n|\n|-sideend|p1: RonSS4|Reflect\n|upkeep\n|\n|t:|1711863716\n|switch|p2a: Astrolotl|Astrolotl, M, shiny|100\/100\n|turn|11\n|c|\u2606RonSS4|Ah bullet punch low bp\n|\n|t:|1711863740\n|move|p1a: CAPITAN|Drain Punch|p2a: Astrolotl\n|-damage|p2a: Astrolotl|0 fnt\n|-heal|p1a: CAPITAN|94\/100|[from] drain|[of] p2a: Astrolotl\n|faint|p2a: Astrolotl\n|\n|upkeep\n|\n|t:|1711863747\n|switch|p2a: Venomicon|Venomicon, shiny|100\/100\n|turn|12\n|\n|t:|1711863752\n|move|p1a: CAPITAN|Acrobatics|p2a: Venomicon\n|-damage|p2a: Venomicon|0 fnt\n|faint|p2a: Venomicon\n|\n|upkeep\n|\n|t:|1711863756\n|switch|p2a: Caribolt|Caribolt, M, shiny|100\/100\n|turn|13\n|\n|t:|1711863768\n|move|p1a: CAPITAN|Acrobatics|p2a: Caribolt\n|-damage|p2a: Caribolt|0 fnt\n|faint|p2a: Caribolt\n|\n|win|RonSS4\n|raw|RonSS4's rating: 1000 &rarr; <strong>1051<\/strong><br \/>(+51 for winning)\n|raw|Nvg1's rating: 1094 &rarr; <strong>1064<\/strong><br \/>(-30 for losing)\n|c|\u2606RonSS4|Gg\n|c|\u2606RonSS4|Bro\n|c|\u2606RonSS4|This thing op\n|l|\u2606Nvg1\n|player|p2|\n","uploadtime":1711863783,"views":0,"formatid":"gen9cap","rating":1051,"private":0,"password":null}