|j|☆Death2thewest
|j|☆SteamBuns
|t:|1711880821
|gametype|singles
|player|p1|Death2thewest|#death2thewest|
|player|p2|SteamBuns|yellow|
|teamsize|p1|6
|teamsize|p2|6
|gen|9
|tier|[Gen 9] CAP
|rule|Species Clause: Limit one of each Pokémon
|rule|OHKO Clause: OHKO moves are banned
|rule|Evasion Items Clause: Evasion items are banned
|rule|Evasion Moves Clause: Evasion moves are banned
|rule|Endless Battle Clause: Forcing endless battles is banned
|rule|HP Percentage Mod: HP is shown in percentages
|rule|Sleep Moves Clause: Sleep-inducing moves are banned
|clearpoke
|poke|p1|Hemogoblin, M|
|poke|p1|Gliscor, M|
|poke|p1|Arghonaut, F|
|poke|p1|Garganacl, F|
|poke|p1|Corviknight, M|
|poke|p1|Amoonguss, M|
|poke|p2|Darkrai|
|poke|p2|Gliscor, F|
|poke|p2|Cresceidon, M|
|poke|p2|Raging Bolt|
|poke|p2|Excadrill, M|
|poke|p2|Crucibelle, M|
|teampreview
|c|☆Death2thewest|Nvm use a different one
|c|☆Death2thewest|I don't like this one
|c|☆SteamBuns|lmao
|c|☆SteamBuns|hf
|c|☆Death2thewest|Ain't no way bro said hf
|
|t:|1711880891
|start
|switch|p1a: Message Man|Gliscor, M, shiny|100/100
|switch|p2a: Crucibelle|Crucibelle, M|100/100
|turn|1
|c|☆Death2thewest|!pick let him have free rocks, eq like a chad
|c| Death2thewest|/raw <div class="infobox"><em>We randomly picked:</em> let him have free rocks</div>
|c|☆Death2thewest|Hmmm
|c|☆Death2thewest|!pick sash, scarf, av, boots, god knows what
|c| Death2thewest|/raw <div class="infobox"><em>We randomly picked:</em> sash</div>
|c|☆Death2thewest|Hmmm
|
|t:|1711880949
|move|p1a: Message Man|Protect|p1a: Message Man
|-singleturn|p1a: Message Man|Protect
|move|p2a: Crucibelle|Trick|p1a: Message Man
|-activate|p1a: Message Man|move: Protect
|
|-status|p1a: Message Man|tox|[from] item: Toxic Orb
|upkeep
|turn|2
|j| turnup1
|c|☆Death2thewest|Ok I guess I'm picking
|c|☆SteamBuns|yup
|c|☆Death2thewest|Was it you who used to run scarf cruci + cawm
|c|☆Death2thewest|To lock in ground types
|c|☆SteamBuns|no but i will now
|c|☆Death2thewest|Someone used to run that in swsh
|c|☆Death2thewest|It was shite
|c|☆SteamBuns|i did run both those mons
|
|t:|1711881061
|move|p2a: Crucibelle|Trick|p1a: Message Man
|-activate|p2a: Crucibelle|move: Trick|[of] p1a: Message Man
|-item|p1a: Message Man|Choice Scarf|[from] move: Trick
|-item|p2a: Crucibelle|Toxic Orb|[from] move: Trick
|move|p1a: Message Man|Earthquake|p2a: Crucibelle
|-supereffective|p2a: Crucibelle
|-damage|p2a: Crucibelle|0 fnt
|faint|p2a: Crucibelle
|
|upkeep
|c|☆SteamBuns|but idr if i used them together
|
|t:|1711881069
|switch|p2a: Gliscor|Gliscor, F|100/100
|turn|3
|
|t:|1711881087
|switch|p1a: The Judge|Corviknight, M|100/100
|-ability|p1a: The Judge|Pressure
|move|p2a: Gliscor|Swords Dance|p2a: Gliscor
|-boost|p2a: Gliscor|atk|2
|
|-status|p2a: Gliscor|tox|[from] item: Toxic Orb
|upkeep
|turn|4
|
|t:|1711881100
|move|p2a: Gliscor|Facade|p1a: The Judge
|-resisted|p1a: The Judge
|-damage|p1a: The Judge|84/100
|move|p1a: The Judge|Iron Defense|p1a: The Judge
|-boost|p1a: The Judge|def|2
|
|-heal|p1a: The Judge|90/100|[from] item: Leftovers
|upkeep
|turn|5
|c|☆Death2thewest|Big chip
|
|t:|1711881114
|switch|p2a: Cresceidon|Cresceidon, M|100/100
|move|p1a: The Judge|Brave Bird|p2a: Cresceidon
|-damage|p2a: Cresceidon|85/100
|-damage|p1a: The Judge|85/100|[from] Recoil
|
|-heal|p1a: The Judge|92/100|[from] item: Leftovers
|upkeep
|turn|6
|
|t:|1711881178
|switch|p1a: Chlorine|Garganacl, F|100/100
|move|p2a: Cresceidon|Scald|p1a: Chlorine
|-supereffective|p1a: Chlorine
|-damage|p1a: Chlorine|69/100
|
|upkeep
|turn|7
|
|t:|1711881192
|move|p2a: Cresceidon|Scald|p1a: Chlorine
|-supereffective|p1a: Chlorine
|-damage|p1a: Chlorine|37/100
|move|p1a: Chlorine|Salt Cure|p2a: Cresceidon
|-damage|p2a: Cresceidon|73/100
|-start|p2a: Cresceidon|Salt Cure
|
|-damage|p2a: Cresceidon|48/100|[from] Salt Cure
|upkeep
|turn|8
|
|t:|1711881234
|move|p2a: Cresceidon|Encore|p1a: Chlorine
|-start|p1a: Chlorine|Encore
|move|p1a: Chlorine|Salt Cure|p2a: Cresceidon
|-damage|p2a: Cresceidon|35/100
|
|-damage|p2a: Cresceidon|10/100|[from] Salt Cure
|upkeep
|turn|9
|
|t:|1711881296
|switch|p1a: Lane Boy|Amoonguss, M, shiny|100/100
|move|p2a: Cresceidon|Recover|p2a: Cresceidon
|-heal|p2a: Cresceidon|60/100
|
|-damage|p2a: Cresceidon|35/100|[from] Salt Cure
|upkeep
|turn|10
|c|☆SteamBuns|poor mushroom
|
|t:|1711881315
|switch|p2a: Excadrill|Excadrill, M|100/100
|-ability|p2a: Excadrill|Mold Breaker
|-item|p2a: Excadrill|Air Balloon
|move|p1a: Lane Boy|Giga Drain|p2a: Excadrill
|-damage|p2a: Excadrill|71/100
|-enditem|p2a: Excadrill|Air Balloon
|
|upkeep
|turn|11
|c|☆Death2thewest|What's poor about him
|c|☆SteamBuns|not allowed to spread his spores :(
|c|☆Death2thewest|He's effect spore >:)
|
|t:|1711881357
|switch|p1a: The Judge|Corviknight, M|92/100
|-ability|p1a: The Judge|Pressure
|move|p2a: Excadrill|Stealth Rock|p1a: The Judge
|-sidestart|p1: Death2thewest|move: Stealth Rock
|
|-heal|p1a: The Judge|98/100|[from] item: Leftovers
|upkeep
|turn|12
|c|☆SteamBuns|O:
|
|t:|1711881407
|switch|p2a: Cresceidon|Cresceidon, M|35/100
|move|p1a: The Judge|Defog|p2a: Cresceidon
|-unboost|p2a: Cresceidon|evasion|1
|-sideend|p1: Death2thewest|Stealth Rock|[from] move: Defog|[of] p1a: The Judge
|
|-heal|p1a: The Judge|100/100|[from] item: Leftovers
|upkeep
|turn|13
|j| Joeshh
|c|☆SteamBuns|nooo
|
|t:|1711881428
|switch|p1a: Chlorine|Garganacl, F|37/100
|move|p2a: Cresceidon|Recover|p2a: Cresceidon
|-heal|p2a: Cresceidon|85/100
|
|upkeep
|turn|14
|
|t:|1711881434
|move|p2a: Cresceidon|Scald|p1a: Chlorine
|-supereffective|p1a: Chlorine
|-damage|p1a: Chlorine|0 fnt
|faint|p1a: Chlorine
|
|upkeep
|c|☆Death2thewest|,
|c|☆SteamBuns|oh damn
|c| Joeshh|damn
|c|☆Death2thewest|Max roll...
|
|t:|1711881462
|switch|p1a: Lane Boy|Amoonguss, M, shiny|100/100
|turn|15
|c|☆SteamBuns|4 spattck evs
|c|☆SteamBuns|coming in clutch
|c| Joeshh|idk could be specs
|c| Joeshh|never know
|
|t:|1711881475
|switch|p2a: Gliscor|Gliscor, F|100/100 tox
|move|p1a: Lane Boy|Giga Drain|p2a: Gliscor
|-damage|p2a: Gliscor|82/100 tox
|
|-heal|p2a: Gliscor|94/100 tox|[from] ability: Poison Heal
|upkeep
|turn|16
|
|t:|1711881490
|switch|p2a: Raging Bolt|Raging Bolt|100/100
|switch|p1a: The Judge|Corviknight, M|100/100
|-ability|p1a: The Judge|Pressure
|
|upkeep
|turn|17
|
|t:|1711881511
|switch|p1a: Lane Boy|Amoonguss, M, shiny|100/100
|move|p2a: Raging Bolt|Thunderbolt|p1a: Lane Boy
|-resisted|p1a: Lane Boy
|-damage|p1a: Lane Boy|87/100
|
|upkeep
|turn|18
|c|☆SteamBuns|whole ass av
|c|☆Death2thewest|Whaaaat
|c|☆Death2thewest|Nooo
|c|☆Death2thewest|Its uh
|c| Joeshh|specs
|c|☆SteamBuns|specs
|c|☆Death2thewest|Jaboca berry
|
|t:|1711881615
|-end|p2a: Raging Bolt|Protosynthesis|[silent]
|switch|p2a: Gliscor|Gliscor, F|94/100 tox
|move|p1a: Lane Boy|Sludge Bomb|p2a: Gliscor
|-resisted|p2a: Gliscor
|-damage|p2a: Gliscor|82/100 tox
|
|-heal|p2a: Gliscor|95/100 tox|[from] ability: Poison Heal
|upkeep
|turn|19
|
|t:|1711881624
|switch|p1a: Message Man|Gliscor, M, shiny|100/100 tox
|move|p2a: Gliscor|Swords Dance|p2a: Gliscor
|-boost|p2a: Gliscor|atk|2
|
|-heal|p2a: Gliscor|100/100 tox|[from] ability: Poison Heal
|upkeep
|turn|20
|
|t:|1711881671
|move|p1a: Message Man|Spikes|p2a: Gliscor
|-sidestart|p2: SteamBuns|Spikes
|move|p2a: Gliscor|Swords Dance|p2a: Gliscor
|-boost|p2a: Gliscor|atk|2
|
|upkeep
|turn|21
|c|☆Death2thewest|Up
|
|t:|1711881682
|switch|p1a: The Judge|Corviknight, M|100/100
|-ability|p1a: The Judge|Pressure
|switch|p2a: Excadrill|Excadrill, M|71/100
|-damage|p2a: Excadrill|59/100|[from] Spikes
|-ability|p2a: Excadrill|Mold Breaker
|
|upkeep
|turn|22
|
|t:|1711881703
|switch|p2a: Cresceidon|Cresceidon, M|85/100
|move|p1a: The Judge|Brave Bird|p2a: Cresceidon
|-damage|p2a: Cresceidon|56/100
|-damage|p1a: The Judge|92/100|[from] Recoil
|
|-heal|p1a: The Judge|98/100|[from] item: Leftovers
|upkeep
|turn|23
|c|☆Death2thewest|Chip
|c|☆SteamBuns|i have a sneaking suspicion i lose this one
|
|t:|1711881719
|switch|p1a: Lane Boy|Amoonguss, M, shiny|100/100
|move|p2a: Cresceidon|Scald|p1a: Lane Boy
|-resisted|p1a: Lane Boy
|-damage|p1a: Lane Boy|95/100
|
|upkeep
|turn|24
|c|☆Death2thewest|I'm not the kinda mf who counts his chickens
|c|☆Death2thewest|Especially since you can drop some random tera outta nowhere
|
|t:|1711881763
|switch|p2a: Gliscor|Gliscor, F|100/100 tox
|move|p1a: Lane Boy|Giga Drain|p2a: Gliscor
|-damage|p2a: Gliscor|80/100 tox
|-heal|p1a: Lane Boy|100/100|[from] drain|[of] p2a: Gliscor
|
|-heal|p2a: Gliscor|93/100 tox|[from] ability: Poison Heal
|upkeep
|turn|25
|c|☆SteamBuns|itll be random alright
|
|t:|1711881802
|switch|p2a: Cresceidon|Cresceidon, M|56/100
|move|p1a: Lane Boy|Sludge Bomb|p2a: Cresceidon
|-supereffective|p2a: Cresceidon
|-damage|p2a: Cresceidon|5/100
|
|upkeep
|turn|26
|j|+Madara
|
|t:|1711881832
|-terastallize|p2a: Cresceidon|Poison
|move|p2a: Cresceidon|Recover|p2a: Cresceidon
|-heal|p2a: Cresceidon|55/100
|move|p1a: Lane Boy|Sludge Bomb|p2a: Cresceidon
|-resisted|p2a: Cresceidon
|-damage|p2a: Cresceidon|42/100
|
|upkeep
|turn|27
|c|☆Death2thewest|I see
|c| turnup1|that was not random
|
|t:|1711881855
|move|p2a: Cresceidon|Recover|p2a: Cresceidon
|-heal|p2a: Cresceidon|92/100
|move|p1a: Lane Boy|Stomping Tantrum|p2a: Cresceidon
|-supereffective|p2a: Cresceidon
|-damage|p2a: Cresceidon|67/100
|
|upkeep
|turn|28
|c|☆Death2thewest|Chip
|
|t:|1711881928
|switch|p2a: Gliscor|Gliscor, F|93/100 tox
|move|p1a: Lane Boy|Stomping Tantrum|p2a: Gliscor
|-immune|p2a: Gliscor
|
|-heal|p2a: Gliscor|100/100 tox|[from] ability: Poison Heal
|upkeep
|turn|29
|
|t:|1711881950
|move|p2a: Gliscor|Facade|p1a: Lane Boy
|-damage|p1a: Lane Boy|71/100
|move|p1a: Lane Boy|Sludge Bomb|p2a: Gliscor
|-resisted|p2a: Gliscor
|-damage|p2a: Gliscor|89/100 tox
|
|-heal|p2a: Gliscor|100/100 tox|[from] ability: Poison Heal
|upkeep
|turn|30
|
|t:|1711881954
|switch|p1a: The Judge|Corviknight, M|98/100
|-ability|p1a: The Judge|Pressure
|move|p2a: Gliscor|Swords Dance|p2a: Gliscor
|-boost|p2a: Gliscor|atk|2
|
|-heal|p1a: The Judge|100/100|[from] item: Leftovers
|upkeep
|turn|31
|
|t:|1711881981
|switch|p2a: Cresceidon|Cresceidon, M, tera:Poison|67/100
|move|p1a: The Judge|Brave Bird|p2a: Cresceidon
|-damage|p2a: Cresceidon|38/100
|-damage|p1a: The Judge|92/100|[from] Recoil
|
|-heal|p1a: The Judge|98/100|[from] item: Leftovers
|upkeep
|turn|32
|
|t:|1711882015
|switch|p1a: Message Man|Gliscor, M, shiny|100/100 tox
|move|p2a: Cresceidon|Scald|p1a: Message Man
|-supereffective|p1a: Message Man
|-damage|p1a: Message Man|53/100 tox
|
|-heal|p1a: Message Man|65/100 tox|[from] ability: Poison Heal
|upkeep
|turn|33
|
|t:|1711882045
|switch|p2a: Excadrill|Excadrill, M|59/100
|-damage|p2a: Excadrill|46/100|[from] Spikes
|-ability|p2a: Excadrill|Mold Breaker
|move|p1a: Message Man|Earthquake|p2a: Excadrill
|-supereffective|p2a: Excadrill
|-damage|p2a: Excadrill|0 fnt
|faint|p2a: Excadrill
|
|-heal|p1a: Message Man|78/100 tox|[from] ability: Poison Heal
|upkeep
|
|t:|1711882053
|switch|p2a: Darkrai|Darkrai|100/100
|-damage|p2a: Darkrai|88/100|[from] Spikes
|turn|34
|c|☆SteamBuns|gg
|-message|SteamBuns forfeited.
|
|win|Death2thewest
|c|☆Death2thewest|Oh
|c|☆Death2thewest|Ok
|c|☆Death2thewest|Ggs
|c|☆SteamBuns|ggs
|l|☆SteamBuns
|player|p2|
|c| turnup1|noo
|l| turnup1
|l|+Madara
