{"id":"gen9cap-2092973280","format":"[Gen 9] CAP","players":["trick or dies!","Spammernoob"],"log":"|j|\u2606trick or dies!\n|j|\u2606Spammernoob\n|t:|1711898137\n|gametype|singles\n|player|p1|trick or dies!|barry|\n|player|p2|Spammernoob|170|\n|teamsize|p1|6\n|teamsize|p2|6\n|gen|9\n|tier|[Gen 9] CAP\n|rated|Tournament battle\n|rule|Species Clause: Limit one of each Pok\u00e9mon\n|rule|OHKO Clause: OHKO moves are banned\n|rule|Evasion Items Clause: Evasion items are banned\n|rule|Evasion Moves Clause: Evasion moves are banned\n|rule|Endless Battle Clause: Forcing endless battles is banned\n|rule|HP Percentage Mod: HP is shown in percentages\n|rule|Sleep Moves Clause: Sleep-inducing moves are banned\n|clearpoke\n|poke|p1|Meowscarada, F|\n|poke|p1|Hemogoblin, M|\n|poke|p1|Tornadus-Therian, M|\n|poke|p1|Kyurem|\n|poke|p1|Heatran, M|\n|poke|p1|Great Tusk|\n|poke|p2|Raging Bolt|\n|poke|p2|Pelipper, F|\n|poke|p2|Barraskewda, F|\n|poke|p2|Kingambit, M|\n|poke|p2|Mollux, M|\n|poke|p2|Equilibra|\n|teampreview\n|j|@Da Pizza Man\n|c|\u2606Spammernoob|oh no\n|c|\u2606trick or dies!|gooluck\n|c|\u2606Spammernoob|u2\n|\n|t:|1711898178\n|start\n|switch|p1a: Kyurem|Kyurem|100\/100\n|switch|p2a: Equilibra|Equilibra|100\/100\n|-ability|p1a: Kyurem|Pressure\n|turn|1\n|\n|t:|1711898185\n|move|p1a: Kyurem|Ice Beam|p2a: Equilibra\n|-damage|p2a: Equilibra|77\/100\n|move|p2a: Equilibra|Flash Cannon|p1a: Kyurem\n|-supereffective|p1a: Kyurem\n|-damage|p1a: Kyurem|31\/100\n|\n|-heal|p2a: Equilibra|83\/100|[from] item: Leftovers\n|upkeep\n|turn|2\n|\n|t:|1711898198\n|switch|p1a: Meowscarada|Meowscarada, F|100\/100\n|move|p2a: Equilibra|Rapid Spin|p1a: Meowscarada\n|-damage|p1a: Meowscarada|92\/100\n|-boost|p2a: Equilibra|spe|1\n|\n|-heal|p2a: Equilibra|89\/100|[from] item: Leftovers\n|upkeep\n|turn|3\n|\n|t:|1711898207\n|switch|p2a: Pelipper|Pelipper, F|100\/100\n|-weather|RainDance|[from] ability: Drizzle|[of] p2a: Pelipper\n|move|p1a: Meowscarada|Knock Off|p2a: Pelipper\n|-start|p1a: Meowscarada|typechange|Dark|[from] ability: Protean\n|-damage|p2a: Pelipper|52\/100\n|-enditem|p2a: Pelipper|Damp Rock|[from] move: Knock Off|[of] p1a: Meowscarada\n|\n|-weather|RainDance|[upkeep]\n|upkeep\n|turn|4\n|\n|t:|1711898216\n|switch|p1a: Tornadus|Tornadus-Therian, M|100\/100\n|move|p2a: Pelipper|U-turn|p1a: Tornadus\n|-resisted|p1a: Tornadus\n|-damage|p1a: Tornadus|96\/100\n|\n|t:|1711898222\n|switch|p2a: Raging Bolt|Raging Bolt|100\/100|[from] U-turn\n|\n|-weather|RainDance|[upkeep]\n|upkeep\n|turn|5\n|\n|t:|1711898228\n|move|p1a: Tornadus|U-turn|p2a: Raging Bolt\n|-damage|p2a: Raging Bolt|88\/100\n|\n|t:|1711898231\n|switch|p1a: Great Tusk|Great Tusk|100\/100|[from] U-turn\n|move|p2a: Raging Bolt|Weather Ball|p1a: Great Tusk\n|-supereffective|p1a: Great Tusk\n|-damage|p1a: Great Tusk|0 fnt\n|faint|p1a: Great Tusk\n|-end|p1a: Great Tusk|Protosynthesis|[silent]\n|\n|-weather|RainDance|[upkeep]\n|-heal|p2a: Raging Bolt|95\/100|[from] item: Leftovers\n|upkeep\n|\n|t:|1711898244\n|switch|p1a: Meowscarada|Meowscarada, F|92\/100\n|turn|6\n|c|\u2606Spammernoob|did u like that unnecessary play :0\n|\n|t:|1711898259\n|-end|p2a: Raging Bolt|Protosynthesis|[silent]\n|switch|p2a: Kingambit|Kingambit, M|100\/100\n|move|p1a: Meowscarada|Triple Axel|p2a: Kingambit\n|-start|p1a: Meowscarada|typechange|Ice|[from] ability: Protean\n|-resisted|p2a: Kingambit\n|-damage|p2a: Kingambit|95\/100\n|-resisted|p2a: Kingambit\n|-damage|p2a: Kingambit|84\/100\n|-resisted|p2a: Kingambit\n|-damage|p2a: Kingambit|66\/100\n|-hitcount|p2a: Kingambit|3\n|\n|-weather|RainDance|[upkeep]\n|upkeep\n|turn|7\n|\n|t:|1711898271\n|switch|p1a: Heatran|Heatran, M|100\/100\n|move|p2a: Kingambit|Kowtow Cleave|p1a: Heatran\n|-damage|p1a: Heatran|45\/100\n|\n|-weather|RainDance|[upkeep]\n|-heal|p1a: Heatran|52\/100|[from] item: Leftovers\n|upkeep\n|turn|8\n|\n|t:|1711898281\n|-end|p2a: Kingambit|fallenundefined|[silent]\n|switch|p2a: Pelipper|Pelipper, F|52\/100\n|move|p1a: Heatran|Stealth Rock|p2a: Pelipper\n|-sidestart|p2: Spammernoob|move: Stealth Rock\n|\n|-weather|RainDance|[upkeep]\n|-heal|p1a: Heatran|58\/100|[from] item: Leftovers\n|upkeep\n|turn|9\n|c|\u2606trick or dies!|yeah good stuff\n|j| Asb03\n|\n|t:|1711898291\n|switch|p1a: Tornadus|Tornadus-Therian, M|100\/100\n|move|p2a: Pelipper|Surf|p1a: Tornadus\n|-damage|p1a: Tornadus|71\/100\n|\n|-weather|RainDance|[upkeep]\n|upkeep\n|turn|10\n|\n|t:|1711898299\n|switch|p2a: Equilibra|Equilibra|89\/100\n|-damage|p2a: Equilibra|86\/100|[from] Stealth Rock\n|move|p1a: Tornadus|Bleakwind Storm|p2a: Equilibra\n|-resisted|p2a: Equilibra\n|-damage|p2a: Equilibra|75\/100\n|\n|-weather|none\n|-heal|p2a: Equilibra|82\/100|[from] item: Leftovers\n|upkeep\n|turn|11\n|\n|t:|1711898303\n|move|p1a: Tornadus|Heat Wave|p2a: Equilibra\n|-supereffective|p2a: Equilibra\n|-damage|p2a: Equilibra|58\/100\n|-status|p2a: Equilibra|brn\n|move|p2a: Equilibra|Rapid Spin|p1a: Tornadus\n|-damage|p1a: Tornadus|67\/100\n|-boost|p2a: Equilibra|spe|1\n|-sideend|p2: Spammernoob|Stealth Rock|[from] move: Rapid Spin|[of] p2a: Equilibra\n|\n|-heal|p2a: Equilibra|64\/100 brn|[from] item: Leftovers\n|-damage|p2a: Equilibra|58\/100 brn|[from] brn\n|upkeep\n|turn|12\n|\n|t:|1711898311\n|move|p1a: Tornadus|Knock Off|p2a: Equilibra\n|-damage|p2a: Equilibra|40\/100 brn\n|-enditem|p2a: Equilibra|Leftovers|[from] move: Knock Off|[of] p1a: Tornadus\n|move|p2a: Equilibra|Doom Desire|p1a: Tornadus\n|-start|p2a: Equilibra|Doom Desire\n|\n|-damage|p2a: Equilibra|34\/100 brn|[from] brn\n|upkeep\n|turn|13\n|\n|t:|1711898317\n|switch|p2a: Raging Bolt|Raging Bolt|95\/100\n|move|p1a: Tornadus|U-turn|p2a: Raging Bolt\n|-crit|p2a: Raging Bolt\n|-damage|p2a: Raging Bolt|77\/100\n|\n|t:|1711898320\n|switch|p1a: Heatran|Heatran, M|58\/100|[from] U-turn\n|\n|-heal|p1a: Heatran|64\/100|[from] item: Leftovers\n|-heal|p2a: Raging Bolt|83\/100|[from] item: Leftovers\n|upkeep\n|turn|14\n|\n|t:|1711898330\n|-end|p2a: Raging Bolt|Protosynthesis|[silent]\n|switch|p2a: Pelipper|Pelipper, F|52\/100\n|-weather|RainDance|[from] ability: Drizzle|[of] p2a: Pelipper\n|move|p1a: Heatran|Earth Power|p2a: Pelipper\n|-immune|p2a: Pelipper\n|\n|-weather|RainDance|[upkeep]\n|-end|p1a: Heatran|move: Doom Desire\n|-resisted|p1a: Heatran\n|-damage|p1a: Heatran|48\/100\n|-heal|p1a: Heatran|54\/100|[from] item: Leftovers\n|upkeep\n|turn|15\n|\n|t:|1711898340\n|switch|p1a: Tornadus|Tornadus-Therian, M|99\/100\n|move|p2a: Pelipper|U-turn|p1a: Tornadus\n|-resisted|p1a: Tornadus\n|-damage|p1a: Tornadus|95\/100\n|\n|t:|1711898342\n|switch|p2a: Raging Bolt|Raging Bolt|83\/100|[from] U-turn\n|\n|-weather|RainDance|[upkeep]\n|-heal|p2a: Raging Bolt|89\/100|[from] item: Leftovers\n|upkeep\n|turn|16\n|\n|t:|1711898351\n|switch|p1a: Kyurem|Kyurem|31\/100\n|-ability|p1a: Kyurem|Pressure\n|move|p2a: Raging Bolt|Thunder|p1a: Kyurem\n|-resisted|p1a: Kyurem\n|-damage|p1a: Kyurem|3\/100\n|\n|-weather|RainDance|[upkeep]\n|-heal|p2a: Raging Bolt|95\/100|[from] item: Leftovers\n|upkeep\n|turn|17\n|\n|t:|1711898369\n|move|p2a: Raging Bolt|Thunderclap|p1a: Kyurem\n|-resisted|p1a: Kyurem\n|-damage|p1a: Kyurem|0 fnt\n|faint|p1a: Kyurem\n|\n|-weather|RainDance|[upkeep]\n|-heal|p2a: Raging Bolt|100\/100|[from] item: Leftovers\n|upkeep\n|\n|t:|1711898383\n|switch|p1a: Heatran|Heatran, M|54\/100\n|turn|18\n|\n|t:|1711898388\n|move|p1a: Heatran|Stealth Rock|p2a: Raging Bolt\n|-sidestart|p2: Spammernoob|move: Stealth Rock\n|move|p2a: Raging Bolt|Thunder|p1a: Heatran\n|-damage|p1a: Heatran|0 fnt\n|faint|p1a: Heatran\n|\n|-weather|none\n|upkeep\n|\n|t:|1711898394\n|switch|p1a: Hemogoblin|Hemogoblin, M|100\/100\n|turn|19\n|\n|t:|1711898404\n|-end|p2a: Raging Bolt|Protosynthesis|[silent]\n|switch|p2a: Mollux|Mollux, M|100\/100\n|switch|p1a: Tornadus|Tornadus-Therian, M|100\/100\n|\n|upkeep\n|turn|20\n|\n|t:|1711898410\n|move|p1a: Tornadus|Knock Off|p2a: Mollux\n|-damage|p2a: Mollux|86\/100\n|-enditem|p2a: Mollux|Heavy-Duty Boots|[from] move: Knock Off|[of] p1a: Tornadus\n|move|p2a: Mollux|Stealth Rock|p1a: Tornadus\n|-sidestart|p1: trick or dies!|move: Stealth Rock\n|\n|upkeep\n|turn|21\n|\n|t:|1711898417\n|move|p1a: Tornadus|Bleakwind Storm|p2a: Mollux\n|-damage|p2a: Mollux|54\/100\n|move|p2a: Mollux|Lava Plume|p1a: Tornadus\n|-damage|p1a: Tornadus|76\/100\n|-status|p1a: Tornadus|brn\n|\n|-damage|p1a: Tornadus|70\/100 brn|[from] brn\n|upkeep\n|turn|22\n|\n|t:|1711898425\n|move|p1a: Tornadus|Bleakwind Storm|p2a: Mollux\n|-damage|p2a: Mollux|20\/100\n|move|p2a: Mollux|Recover|p2a: Mollux\n|-heal|p2a: Mollux|70\/100\n|\n|-damage|p1a: Tornadus|63\/100 brn|[from] brn\n|upkeep\n|turn|23\n|\n|t:|1711898430\n|move|p1a: Tornadus|U-turn|p2a: Mollux\n|-resisted|p2a: Mollux\n|-damage|p2a: Mollux|69\/100\n|\n|t:|1711898434\n|switch|p1a: Meowscarada|Meowscarada, F|92\/100|[from] U-turn\n|-damage|p1a: Meowscarada|79\/100|[from] Stealth Rock\n|move|p2a: Mollux|Recover|p2a: Mollux\n|-heal|p2a: Mollux|100\/100\n|\n|upkeep\n|turn|24\n|\n|t:|1711898439\n|switch|p2a: Pelipper|Pelipper, F|52\/100\n|-damage|p2a: Pelipper|27\/100|[from] Stealth Rock\n|-weather|RainDance|[from] ability: Drizzle|[of] p2a: Pelipper\n|move|p1a: Meowscarada|Knock Off|p2a: Pelipper\n|-start|p1a: Meowscarada|typechange|Dark|[from] ability: Protean\n|-damage|p2a: Pelipper|0 fnt\n|faint|p2a: Pelipper\n|\n|-weather|RainDance|[upkeep]\n|upkeep\n|\n|t:|1711898442\n|switch|p2a: Barraskewda|Barraskewda, F|100\/100\n|-damage|p2a: Barraskewda|88\/100|[from] Stealth Rock\n|turn|25\n|\n|t:|1711898464\n|switch|p1a: Tornadus|Tornadus-Therian, M|97\/100 brn\n|-damage|p1a: Tornadus|72\/100 brn|[from] Stealth Rock\n|move|p2a: Barraskewda|Liquidation|p1a: Tornadus\n|-damage|p1a: Tornadus|0 fnt\n|faint|p1a: Tornadus\n|\n|-weather|RainDance|[upkeep]\n|upkeep\n|\n|t:|1711898466\n|switch|p1a: Hemogoblin|Hemogoblin, M|100\/100\n|turn|26\n|\n|t:|1711898478\n|move|p2a: Barraskewda|Liquidation|p1a: Hemogoblin\n|-supereffective|p1a: Hemogoblin\n|-damage|p1a: Hemogoblin|0 fnt\n|faint|p1a: Hemogoblin\n|\n|-weather|RainDance|[upkeep]\n|upkeep\n|\n|t:|1711898481\n|switch|p1a: Meowscarada|Meowscarada, F|79\/100\n|-damage|p1a: Meowscarada|67\/100|[from] Stealth Rock\n|turn|27\n|\n|t:|1711898484\n|-terastallize|p2a: Barraskewda|Water\n|move|p2a: Barraskewda|Liquidation|p1a: Meowscarada\n|-resisted|p1a: Meowscarada\n|-damage|p1a: Meowscarada|0 fnt\n|faint|p1a: Meowscarada\n|\n|win|Spammernoob\n|n|\u2606trick or dies!|trickordies\n|n|\u2606Spammernoob|spammernoob\n|n| Da Pizza Man|dapizzaman\n|n| Asb03|asb03\n|c|\u2606trick or dies!|gg\n|c|\u2606Spammernoob|gg\n","uploadtime":1711898484,"views":9,"formatid":"gen9cap","rating":null,"private":0,"password":null}