{"id":"gen9cap-2093185806","format":"[Gen 9] CAP","players":["Da Pizza Man","exithe"],"log":"|j|\u2606Da Pizza Man\n|j|\u2606exithe\n|t:|1711922610\n|gametype|singles\n|player|p1|Da Pizza Man|waiter|\n|player|p2|exithe|kris-gen2|\n|teamsize|p1|6\n|teamsize|p2|6\n|gen|9\n|tier|[Gen 9] CAP\n|rated|Tournament battle\n|rule|Species Clause: Limit one of each Pok\u00e9mon\n|rule|OHKO Clause: OHKO moves are banned\n|rule|Evasion Items Clause: Evasion items are banned\n|rule|Evasion Moves Clause: Evasion moves are banned\n|rule|Endless Battle Clause: Forcing endless battles is banned\n|rule|HP Percentage Mod: HP is shown in percentages\n|rule|Sleep Moves Clause: Sleep-inducing moves are banned\n|clearpoke\n|poke|p1|Ogerpon, F|\n|poke|p1|Dragapult, M|\n|poke|p1|Cresceidon, F|\n|poke|p1|Gliscor, F|\n|poke|p1|Skarmory, M|\n|poke|p1|Mollux, F|\n|poke|p2|Meowscarada, M|\n|poke|p2|Hemogoblin, F|\n|poke|p2|Pajantom, F|\n|poke|p2|Equilibra|\n|poke|p2|Venomicon|\n|poke|p2|Slowking, F|\n|teampreview\n|c|\u2606exithe|glhf\n|c|\u2606Da Pizza Man|u2\n|j|^Spammernoob\n|inactive|Battle timer is ON: inactive players will automatically lose when time's up. (requested by Da Pizza Man)\n|j|+trick or dies\n|\n|t:|1711922688\n|start\n|switch|p1a: Ogerpon|Ogerpon, F|100\/100\n|switch|p2a: Slowking|Slowking, F|100\/100\n|turn|1\n|\n|t:|1711922696\n|switch|p2a: Venomicon|Venomicon|100\/100\n|move|p1a: Ogerpon|Ivy Cudgel|p2a: Venomicon\n|-resisted|p2a: Venomicon\n|-damage|p2a: Venomicon|92\/100\n|-ability|p2a: Venomicon|Stamina|boost\n|-boost|p2a: Venomicon|def|1\n|\n|upkeep\n|turn|2\n|\n|t:|1711922710\n|move|p1a: Ogerpon|U-turn|p2a: Venomicon\n|-resisted|p2a: Venomicon\n|-damage|p2a: Venomicon|90\/100\n|-ability|p2a: Venomicon|Stamina|boost\n|-boost|p2a: Venomicon|def|1\n|\n|t:|1711922712\n|switch|p1a: Mollux|Mollux, F|100\/100|[from] U-turn\n|move|p2a: Venomicon|Stealth Rock|p1a: Mollux\n|-sidestart|p1: Da Pizza Man|move: Stealth Rock\n|\n|upkeep\n|turn|3\n|\n|t:|1711922741\n|switch|p2a: Pajantom|Pajantom, F|100\/100\n|-ability|p2a: Pajantom|Comatose\n|move|p1a: Mollux|Lava Plume|p2a: Pajantom\n|-resisted|p2a: Pajantom\n|-crit|p2a: Pajantom\n|-damage|p2a: Pajantom|78\/100\n|\n|-heal|p2a: Pajantom|84\/100|[from] item: Leftovers\n|upkeep\n|turn|4\n|\n|t:|1711922766\n|switch|p1a: Gliscor|Gliscor, F|100\/100\n|-damage|p1a: Gliscor|88\/100|[from] Stealth Rock\n|move|p2a: Pajantom|Spirit Shackle|p1a: Gliscor\n|-damage|p1a: Gliscor|61\/100\n|-activate|p1a: Gliscor|trapped\n|\n|-heal|p2a: Pajantom|90\/100|[from] item: Leftovers\n|-status|p1a: Gliscor|tox|[from] item: Toxic Orb\n|upkeep\n|turn|5\n|\n|t:|1711922781\n|move|p1a: Gliscor|Protect|p1a: Gliscor\n|-singleturn|p1a: Gliscor|Protect\n|move|p2a: Pajantom|Taunt|p1a: Gliscor\n|-activate|p1a: Gliscor|move: Protect\n|\n|-heal|p2a: Pajantom|96\/100|[from] item: Leftovers\n|-heal|p1a: Gliscor|74\/100 tox|[from] ability: Poison Heal\n|upkeep\n|turn|6\n|\n|t:|1711922784\n|move|p2a: Pajantom|Taunt|p1a: Gliscor\n|-start|p1a: Gliscor|move: Taunt\n|move|p1a: Gliscor|Knock Off|p2a: Pajantom\n|-supereffective|p2a: Pajantom\n|-damage|p2a: Pajantom|38\/100\n|-enditem|p2a: Pajantom|Leftovers|[from] move: Knock Off|[of] p1a: Gliscor\n|\n|-heal|p1a: Gliscor|86\/100 tox|[from] ability: Poison Heal\n|upkeep\n|turn|7\n|\n|t:|1711922792\n|move|p2a: Pajantom|Ice Punch|p1a: Gliscor\n|-supereffective|p1a: Gliscor\n|-damage|p1a: Gliscor|17\/100 tox\n|move|p1a: Gliscor|Earthquake|p2a: Pajantom\n|-damage|p2a: Pajantom|0 fnt\n|faint|p2a: Pajantom\n|\n|-heal|p1a: Gliscor|29\/100 tox|[from] ability: Poison Heal\n|upkeep\n|\n|t:|1711922796\n|switch|p2a: Meowscarada|Meowscarada, M|100\/100\n|turn|8\n|\n|t:|1711922800\n|switch|p1a: Skarmory|Skarmory, M|100\/100\n|-damage|p1a: Skarmory|88\/100|[from] Stealth Rock\n|move|p2a: Meowscarada|Flower Trick|p1a: Skarmory\n|-start|p2a: Meowscarada|typechange|Grass|[from] ability: Protean\n|-resisted|p1a: Skarmory\n|-crit|p1a: Skarmory\n|-damage|p1a: Skarmory|81\/100\n|\n|upkeep\n|turn|9\n|\n|t:|1711922808\n|move|p2a: Meowscarada|Knock Off|p1a: Skarmory\n|-damage|p1a: Skarmory|62\/100\n|-damage|p2a: Meowscarada|84\/100|[from] item: Rocky Helmet|[of] p1a: Skarmory\n|-enditem|p1a: Skarmory|Rocky Helmet|[from] move: Knock Off|[of] p2a: Meowscarada\n|move|p1a: Skarmory|Stealth Rock|p2a: Meowscarada\n|-sidestart|p2: exithe|move: Stealth Rock\n|\n|upkeep\n|turn|10\n|\n|t:|1711922818\n|move|p2a: Meowscarada|U-turn|p1a: Skarmory\n|-resisted|p1a: Skarmory\n|-damage|p1a: Skarmory|59\/100\n|\n|t:|1711922820\n|switch|p2a: Slowking|Slowking, F|100\/100|[from] U-turn\n|move|p1a: Skarmory|Body Press|p2a: Slowking\n|-resisted|p2a: Slowking\n|-damage|p2a: Slowking|88\/100\n|\n|upkeep\n|turn|11\n|\n|t:|1711922833\n|switch|p1a: Dragapult|Dragapult, M|100\/100\n|move|p2a: Slowking|Future Sight|p1a: Dragapult\n|-start|p2a: Slowking|move: Future Sight\n|\n|upkeep\n|turn|12\n|\n|t:|1711922851\n|switch|p2a: Equilibra|Equilibra|100\/100\n|-damage|p2a: Equilibra|98\/100|[from] Stealth Rock\n|move|p1a: Dragapult|Thunder Wave|p2a: Equilibra\n|-immune|p2a: Equilibra\n|\n|-heal|p2a: Equilibra|100\/100|[from] item: Leftovers\n|upkeep\n|turn|13\n|\n|t:|1711922858\n|move|p1a: Dragapult|U-turn|p2a: Equilibra\n|-resisted|p2a: Equilibra\n|-crit|p2a: Equilibra\n|-damage|p2a: Equilibra|87\/100\n|\n|t:|1711922861\n|switch|p1a: Skarmory|Skarmory, M|59\/100|[from] U-turn\n|-damage|p1a: Skarmory|47\/100|[from] Stealth Rock\n|move|p2a: Equilibra|Earth Power|p1a: Skarmory\n|-immune|p1a: Skarmory\n|\n|-end|p1a: Skarmory|move: Future Sight\n|-resisted|p1a: Skarmory\n|-damage|p1a: Skarmory|19\/100\n|-heal|p2a: Equilibra|93\/100|[from] item: Leftovers\n|upkeep\n|turn|14\n|\n|t:|1711922868\n|move|p1a: Skarmory|Body Press|p2a: Equilibra\n|-supereffective|p2a: Equilibra\n|-damage|p2a: Equilibra|38\/100\n|move|p2a: Equilibra|Doom Desire|p1a: Skarmory\n|-start|p2a: Equilibra|Doom Desire\n|\n|-heal|p2a: Equilibra|45\/100|[from] item: Leftovers\n|upkeep\n|turn|15\n|\n|t:|1711922882\n|switch|p2a: Venomicon|Venomicon|90\/100\n|move|p1a: Skarmory|Body Press|p2a: Venomicon\n|-resisted|p2a: Venomicon\n|-damage|p2a: Venomicon|85\/100\n|-ability|p2a: Venomicon|Stamina|boost\n|-boost|p2a: Venomicon|def|1\n|\n|upkeep\n|turn|16\n|\n|t:|1711922889\n|move|p1a: Skarmory|Roost|p1a: Skarmory\n|-heal|p1a: Skarmory|69\/100\n|-singleturn|p1a: Skarmory|move: Roost\n|move|p2a: Venomicon|Body Press|p1a: Skarmory\n|-supereffective|p1a: Skarmory\n|-damage|p1a: Skarmory|19\/100\n|\n|-end|p1a: Skarmory|move: Doom Desire\n|-resisted|p1a: Skarmory\n|-damage|p1a: Skarmory|0 fnt\n|faint|p1a: Skarmory\n|upkeep\n|\n|t:|1711922907\n|switch|p1a: Gliscor|Gliscor, F|29\/100 tox\n|-damage|p1a: Gliscor|17\/100 tox|[from] Stealth Rock\n|turn|17\n|\n|t:|1711922914\n|switch|p2a: Meowscarada|Meowscarada, M|84\/100\n|move|p1a: Gliscor|Knock Off|p2a: Meowscarada\n|-resisted|p2a: Meowscarada\n|-damage|p2a: Meowscarada|69\/100\n|-enditem|p2a: Meowscarada|Heavy-Duty Boots|[from] move: Knock Off|[of] p1a: Gliscor\n|\n|-heal|p1a: Gliscor|29\/100 tox|[from] ability: Poison Heal\n|upkeep\n|turn|18\n|\n|t:|1711922920\n|move|p1a: Gliscor|Protect|p1a: Gliscor\n|-singleturn|p1a: Gliscor|Protect\n|move|p2a: Meowscarada|Triple Axel|p1a: Gliscor\n|-start|p2a: Meowscarada|typechange|Ice|[from] ability: Protean\n|-activate|p1a: Gliscor|move: Protect\n|\n|-heal|p1a: Gliscor|42\/100 tox|[from] ability: Poison Heal\n|upkeep\n|turn|19\n|\n|t:|1711922936\n|switch|p1a: Mollux|Mollux, F|100\/100\n|move|p2a: Meowscarada|Flower Trick|p1a: Mollux\n|-resisted|p1a: Mollux\n|-crit|p1a: Mollux\n|-damage|p1a: Mollux|92\/100\n|\n|upkeep\n|turn|20\n|\n|t:|1711922947\n|move|p2a: Meowscarada|U-turn|p1a: Mollux\n|-resisted|p1a: Mollux\n|-damage|p1a: Mollux|86\/100\n|\n|t:|1711922948\n|switch|p2a: Slowking|Slowking, F|100\/100|[from] U-turn\n|move|p1a: Mollux|Lava Plume|p2a: Slowking\n|-resisted|p2a: Slowking\n|-damage|p2a: Slowking|90\/100\n|-status|p2a: Slowking|brn\n|\n|-damage|p2a: Slowking|84\/100 brn|[from] brn\n|upkeep\n|turn|21\n|\n|t:|1711922963\n|switch|p1a: Ogerpon|Ogerpon, F|100\/100\n|move|p2a: Slowking|Future Sight|p1a: Ogerpon\n|-start|p2a: Slowking|move: Future Sight\n|\n|-damage|p2a: Slowking|78\/100 brn|[from] brn\n|upkeep\n|turn|22\n|\n|t:|1711922976\n|switch|p2a: Venomicon|Venomicon|85\/100\n|move|p1a: Ogerpon|Knock Off|p2a: Venomicon\n|-damage|p2a: Venomicon|63\/100\n|-ability|p2a: Venomicon|Stamina|boost\n|-boost|p2a: Venomicon|def|1\n|-enditem|p2a: Venomicon|Heavy-Duty Boots|[from] move: Knock Off|[of] p1a: Ogerpon\n|\n|upkeep\n|turn|23\n|\n|t:|1711922995\n|move|p1a: Ogerpon|U-turn|p2a: Venomicon\n|-resisted|p2a: Venomicon\n|-damage|p2a: Venomicon|60\/100\n|-ability|p2a: Venomicon|Stamina|boost\n|-boost|p2a: Venomicon|def|1\n|\n|t:|1711922998\n|switch|p1a: Gliscor|Gliscor, F|42\/100 tox|[from] U-turn\n|-damage|p1a: Gliscor|29\/100 tox|[from] Stealth Rock\n|move|p2a: Venomicon|Roost|p2a: Venomicon\n|-heal|p2a: Venomicon|100\/100\n|-singleturn|p2a: Venomicon|move: Roost\n|\n|-end|p1a: Gliscor|move: Future Sight\n|-damage|p1a: Gliscor|0 fnt\n|faint|p1a: Gliscor\n|upkeep\n|\n|t:|1711923002\n|switch|p1a: Ogerpon|Ogerpon, F|100\/100\n|turn|24\n|c|\u2606exithe|smoked\n|\n|t:|1711923007\n|move|p1a: Ogerpon|Encore|p2a: Venomicon\n|-start|p2a: Venomicon|Encore\n|move|p2a: Venomicon|Roost||[still]\n|-fail|p2a: Venomicon|heal\n|\n|upkeep\n|turn|25\n|\n|t:|1711923013\n|switch|p2a: Hemogoblin|Hemogoblin, F|100\/100\n|move|p1a: Ogerpon|U-turn|p2a: Hemogoblin\n|-resisted|p2a: Hemogoblin\n|-damage|p2a: Hemogoblin|94\/100\n|\n|t:|1711923028\n|switch|p1a: Cresceidon|Cresceidon, F|100\/100|[from] U-turn\n|\n|upkeep\n|turn|26\n|\n|t:|1711923031\n|switch|p2a: Slowking|Slowking, F|100\/100 brn\n|move|p1a: Cresceidon|Scald|p2a: Slowking\n|-resisted|p2a: Slowking\n|-damage|p2a: Slowking|92\/100 brn\n|\n|-damage|p2a: Slowking|86\/100 brn|[from] brn\n|upkeep\n|turn|27\n|\n|t:|1711923040\n|switch|p1a: Dragapult|Dragapult, M|100\/100\n|move|p2a: Slowking|Future Sight|p1a: Dragapult\n|-start|p2a: Slowking|move: Future Sight\n|\n|-damage|p2a: Slowking|80\/100 brn|[from] brn\n|upkeep\n|turn|28\n|\n|t:|1711923053\n|switch|p2a: Hemogoblin|Hemogoblin, F|94\/100\n|move|p1a: Dragapult|Hex|p2a: Hemogoblin\n|-damage|p2a: Hemogoblin|70\/100\n|\n|upkeep\n|turn|29\n|\n|t:|1711923069\n|-terastallize|p1a: Dragapult|Ghost\n|move|p2a: Hemogoblin|Extreme Speed|p1a: Dragapult\n|-damage|p1a: Dragapult|37\/100\n|move|p1a: Dragapult|U-turn|p2a: Hemogoblin\n|-resisted|p2a: Hemogoblin\n|-damage|p2a: Hemogoblin|64\/100\n|\n|t:|1711923075\n|switch|p1a: Cresceidon|Cresceidon, F|100\/100|[from] U-turn\n|\n|-end|p1a: Cresceidon|move: Future Sight\n|-damage|p1a: Cresceidon|80\/100\n|upkeep\n|turn|30\n|\n|t:|1711923088\n|switch|p1a: Dragapult|Dragapult, M, tera:Ghost|37\/100\n|switch|p2a: Slowking|Slowking, F|100\/100 brn\n|\n|-damage|p2a: Slowking|94\/100 brn|[from] brn\n|upkeep\n|turn|31\n|inactive|exithe has 120 seconds left.\n|inactive|exithe has 90 seconds left.\n|\n|t:|1711923153\n|switch|p2a: Equilibra|Equilibra|45\/100\n|-damage|p2a: Equilibra|42\/100|[from] Stealth Rock\n|move|p1a: Dragapult|Hex|p2a: Equilibra\n|-crit|p2a: Equilibra\n|-damage|p2a: Equilibra|13\/100\n|\n|-heal|p2a: Equilibra|19\/100|[from] item: Leftovers\n|upkeep\n|turn|32\n|\n|t:|1711923163\n|move|p1a: Dragapult|U-turn|p2a: Equilibra\n|-resisted|p2a: Equilibra\n|-damage|p2a: Equilibra|10\/100\n|\n|t:|1711923165\n|switch|p1a: Ogerpon|Ogerpon, F|100\/100|[from] U-turn\n|move|p2a: Equilibra|Pain Split|p1a: Ogerpon\n|-sethp|p1a: Ogerpon|57\/100|[from] move: Pain Split|[silent]\n|-sethp|p2a: Equilibra|42\/100|[from] move: Pain Split\n|\n|-heal|p2a: Equilibra|48\/100|[from] item: Leftovers\n|upkeep\n|turn|33\n|\n|t:|1711923177\n|switch|p2a: Venomicon|Venomicon|100\/100\n|-damage|p2a: Venomicon|76\/100|[from] Stealth Rock\n|move|p1a: Ogerpon|U-turn|p2a: Venomicon\n|-resisted|p2a: Venomicon\n|-damage|p2a: Venomicon|72\/100\n|-ability|p2a: Venomicon|Stamina|boost\n|-boost|p2a: Venomicon|def|1\n|\n|t:|1711923182\n|switch|p1a: Mollux|Mollux, F|86\/100|[from] U-turn\n|\n|upkeep\n|turn|34\n|inactive|exithe has 120 seconds left.\n|\n|t:|1711923190\n|switch|p2a: Slowking|Slowking, F|100\/100 brn\n|move|p1a: Mollux|Calm Mind|p1a: Mollux\n|-boost|p1a: Mollux|spa|1\n|-boost|p1a: Mollux|spd|1\n|\n|-damage|p2a: Slowking|94\/100 brn|[from] brn\n|upkeep\n|turn|35\n|\n|t:|1711923200\n|move|p1a: Mollux|Calm Mind|p1a: Mollux\n|-boost|p1a: Mollux|spa|1\n|-boost|p1a: Mollux|spd|1\n|move|p2a: Slowking|Future Sight|p1a: Mollux\n|-start|p2a: Slowking|move: Future Sight\n|\n|-damage|p2a: Slowking|88\/100 brn|[from] brn\n|upkeep\n|turn|36\n|\n|t:|1711923205\n|move|p1a: Mollux|Clear Smog|p2a: Slowking\n|-damage|p2a: Slowking|60\/100 brn\n|-clearboost|p2a: Slowking\n|move|p2a: Slowking|Chilly Reception|p2a: Slowking\n|-weather|Snow\n|inactive|exithe has 120 seconds left.\n|\n|t:|1711923228\n|switch|p2a: Meowscarada|Meowscarada, M|69\/100|[from] Chilly Reception\n|-damage|p2a: Meowscarada|56\/100|[from] Stealth Rock\n|\n|-weather|Snow|[upkeep]\n|upkeep\n|turn|37\n|\n|t:|1711923242\n|move|p2a: Meowscarada|Knock Off|p1a: Mollux\n|-start|p2a: Meowscarada|typechange|Dark|[from] ability: Protean\n|-damage|p1a: Mollux|38\/100\n|-enditem|p1a: Mollux|Heavy-Duty Boots|[from] move: Knock Off|[of] p2a: Meowscarada\n|move|p1a: Mollux|Lava Plume|p2a: Meowscarada\n|-damage|p2a: Meowscarada|0 fnt\n|faint|p2a: Meowscarada\n|\n|-weather|Snow|[upkeep]\n|-end|p1a: Mollux|move: Future Sight\n|-supereffective|p1a: Mollux\n|-damage|p1a: Mollux|12\/100\n|upkeep\n|inactive|exithe has 120 seconds left.\n|\n|t:|1711923264\n|switch|p2a: Equilibra|Equilibra|48\/100\n|-damage|p2a: Equilibra|45\/100|[from] Stealth Rock\n|turn|38\n|\n|t:|1711923269\n|-terastallize|p2a: Equilibra|Water\n|move|p1a: Mollux|Lava Plume|p2a: Equilibra\n|-resisted|p2a: Equilibra\n|-damage|p2a: Equilibra|28\/100\n|move|p2a: Equilibra|Earth Power|p1a: Mollux\n|-supereffective|p1a: Mollux\n|-damage|p1a: Mollux|0 fnt\n|faint|p1a: Mollux\n|\n|-weather|Snow|[upkeep]\n|-heal|p2a: Equilibra|34\/100|[from] item: Leftovers\n|upkeep\n|\n|t:|1711923279\n|switch|p1a: Cresceidon|Cresceidon, F|80\/100\n|turn|39\n|\n|t:|1711923283\n|switch|p2a: Slowking|Slowking, F|93\/100 brn\n|move|p1a: Cresceidon|Thunder Wave||[still]\n|-fail|p1a: Cresceidon\n|\n|-weather|Snow|[upkeep]\n|-damage|p2a: Slowking|87\/100 brn|[from] brn\n|upkeep\n|turn|40\n|\n|t:|1711923288\n|switch|p1a: Ogerpon|Ogerpon, F|57\/100\n|move|p2a: Slowking|Future Sight|p1a: Ogerpon\n|-start|p2a: Slowking|move: Future Sight\n|\n|-weather|none\n|-damage|p2a: Slowking|81\/100 brn|[from] brn\n|upkeep\n|turn|41\n|\n|t:|1711923302\n|switch|p2a: Equilibra|Equilibra, tera:Water|34\/100\n|-damage|p2a: Equilibra|22\/100|[from] Stealth Rock\n|move|p1a: Ogerpon|U-turn|p2a: Equilibra\n|-damage|p2a: Equilibra|2\/100\n|\n|t:|1711923320\n|switch|p1a: Cresceidon|Cresceidon, F|80\/100|[from] U-turn\n|\n|-heal|p2a: Equilibra|8\/100|[from] item: Leftovers\n|upkeep\n|turn|42\n|\n|t:|1711923325\n|move|p1a: Cresceidon|Moonblast|p2a: Equilibra\n|-damage|p2a: Equilibra|0 fnt\n|faint|p2a: Equilibra\n|\n|-end|p1a: Cresceidon|move: Future Sight\n|-damage|p1a: Cresceidon|41\/100\n|upkeep\n|\n|t:|1711923327\n|switch|p2a: Hemogoblin|Hemogoblin, F|64\/100\n|turn|43\n|inactive|exithe has 120 seconds left.\n|inactive|exithe has 90 seconds left.\n|\n|t:|1711923388\n|move|p1a: Cresceidon|Recover|p1a: Cresceidon\n|-heal|p1a: Cresceidon|91\/100\n|move|p2a: Hemogoblin|Bulk Up|p2a: Hemogoblin\n|-boost|p2a: Hemogoblin|atk|1\n|-boost|p2a: Hemogoblin|def|1\n|\n|upkeep\n|turn|44\n|\n|t:|1711923392\n|move|p2a: Hemogoblin|Extreme Speed|p1a: Cresceidon\n|-damage|p1a: Cresceidon|29\/100\n|move|p1a: Cresceidon|Scald|p2a: Hemogoblin\n|-supereffective|p2a: Hemogoblin\n|-damage|p2a: Hemogoblin|13\/100\n|\n|upkeep\n|turn|45\n|\n|t:|1711923401\n|move|p2a: Hemogoblin|Extreme Speed|p1a: Cresceidon\n|-damage|p1a: Cresceidon|0 fnt\n|faint|p1a: Cresceidon\n|\n|upkeep\n|\n|t:|1711923403\n|switch|p1a: Ogerpon|Ogerpon, F|57\/100\n|turn|46\n|\n|t:|1711923408\n|move|p2a: Hemogoblin|Extreme Speed|p1a: Ogerpon\n|-damage|p1a: Ogerpon|0 fnt\n|faint|p1a: Ogerpon\n|\n|upkeep\n|c|\u2606exithe|gg\n|\n|t:|1711923410\n|switch|p1a: Dragapult|Dragapult, M, tera:Ghost|37\/100\n|turn|47\n|c|\u2606Da Pizza Man|gg\n|\n|t:|1711923414\n|move|p2a: Hemogoblin|Extreme Speed|p1a: Dragapult\n|-damage|p1a: Dragapult|0 fnt\n|faint|p1a: Dragapult\n|\n|win|exithe\n|n|\u2606Da Pizza Man|dapizzaman\n|n|\u2606exithe|exithe\n|n| Spammernoob|spammernoob\n|n| trick or dies|trickordies\n|l|\u2606exithe\n|player|p2|\n|l|\u2606Da Pizza Man\n|player|p1|\n|l| trick or dies\n","uploadtime":1711923418,"views":1,"formatid":"gen9cap","rating":null,"private":0,"password":null}