|j|☆Bigbill36321
|j|☆TypeOnix
|t:|1710808502
|gametype|singles
|player|p1|Bigbill36321|102|
|player|p2|TypeOnix|2|
|teamsize|p1|6
|teamsize|p2|6
|gen|9
|tier|[Gen 9] NFE
|rule|Species Clause: Limit one of each Pokémon
|rule|OHKO Clause: OHKO moves are banned
|rule|Evasion Moves Clause: Evasion moves are banned
|rule|Endless Battle Clause: Forcing endless battles is banned
|rule|HP Percentage Mod: HP is shown in percentages
|rule|Sleep Moves Clause: Sleep-inducing moves are banned
|rule|Terastal Clause: You cannot Terastallize
|clearpoke
|poke|p1|Electabuzz, M|
|poke|p1|Dunsparce, F|
|poke|p1|Monferno, M|
|poke|p1|Vullaby, F|
|poke|p1|Servine, F|
|poke|p1|Metang|
|poke|p2|Drakloak, M|
|poke|p2|Vigoroth, M|
|poke|p2|Pikachu, F|
|poke|p2|Cutiefly, M|
|poke|p2|Dusclops, M|
|poke|p2|Quaxwell, F|
|teampreview
|j| cluntnpoop
|
|t:|1710808530
|start
|switch|p1a: Vullaby|Vullaby, F|100/100
|switch|p2a: Drakloak|Drakloak, M|100/100
|turn|1
|
|t:|1710808537
|move|p2a: Drakloak|Thunderbolt|p1a: Vullaby
|-supereffective|p1a: Vullaby
|-damage|p1a: Vullaby|15/100
|move|p1a: Vullaby|Knock Off|p2a: Drakloak
|-supereffective|p2a: Drakloak
|-damage|p2a: Drakloak|0 fnt
|-enditem|p2a: Drakloak|Choice Specs|[from] move: Knock Off|[of] p1a: Vullaby
|faint|p2a: Drakloak
|-damage|p1a: Vullaby|5/100|[from] item: Life Orb
|
|upkeep
|
|t:|1710808542
|switch|p2a: Pikachu|Pikachu, F|100/100
|turn|2
|
|t:|1710808549
|switch|p1a: Metang|Metang|100/100
|move|p2a: Pikachu|Fake Out|p1a: Metang
|-resisted|p1a: Metang
|-damage|p1a: Metang|97/100
|
|upkeep
|turn|3
|
|t:|1710808557
|move|p2a: Pikachu|Volt Switch|p1a: Metang
|-damage|p1a: Metang|53/100
|
|t:|1710808566
|switch|p2a: Dusclops|Dusclops, M|100/100|[from] Volt Switch
|-ability|p2a: Dusclops|Pressure
|move|p1a: Metang|Earthquake|p2a: Dusclops
|-damage|p2a: Dusclops|84/100
|
|upkeep
|turn|4
|
|t:|1710808584
|switch|p1a: Servine|Servine, F|100/100
|move|p2a: Dusclops|Will-O-Wisp|p1a: Servine
|-status|p1a: Servine|brn
|
|-damage|p1a: Servine|94/100 brn|[from] brn
|upkeep
|turn|5
|
|t:|1710808593
|move|p1a: Servine|Leaf Storm|p2a: Dusclops
|-damage|p2a: Dusclops|60/100
|-boost|p1a: Servine|spa|2
|move|p2a: Dusclops|Night Shade|p1a: Servine
|-damage|p1a: Servine|56/100 brn
|
|-damage|p1a: Servine|50/100 brn|[from] brn
|upkeep
|turn|6
|
|t:|1710808602
|move|p1a: Servine|Giga Drain|p2a: Dusclops
|-damage|p2a: Dusclops|34/100
|-heal|p1a: Servine|65/100 brn|[from] drain|[of] p2a: Dusclops
|move|p2a: Dusclops|Night Shade|p1a: Servine
|-damage|p1a: Servine|26/100 brn
|
|-damage|p1a: Servine|20/100 brn|[from] brn
|upkeep
|turn|7
|
|t:|1710808611
|move|p1a: Servine|Synthesis|p1a: Servine
|-heal|p1a: Servine|70/100 brn
|move|p2a: Dusclops|Night Shade|p1a: Servine
|-damage|p1a: Servine|32/100 brn
|
|-damage|p1a: Servine|26/100 brn|[from] brn
|upkeep
|turn|8
|
|t:|1710808620
|move|p1a: Servine|Synthesis|p1a: Servine
|-heal|p1a: Servine|76/100 brn
|move|p2a: Dusclops|Night Shade|p1a: Servine
|-damage|p1a: Servine|38/100 brn
|
|-damage|p1a: Servine|32/100 brn|[from] brn
|upkeep
|turn|9
|
|t:|1710808628
|move|p1a: Servine|Synthesis|p1a: Servine
|-heal|p1a: Servine|82/100 brn
|move|p2a: Dusclops|Night Shade|p1a: Servine
|-damage|p1a: Servine|44/100 brn
|
|-damage|p1a: Servine|38/100 brn|[from] brn
|upkeep
|turn|10
|
|t:|1710808638
|move|p1a: Servine|Synthesis|p1a: Servine
|-heal|p1a: Servine|88/100 brn
|move|p2a: Dusclops|Night Shade|p1a: Servine
|-damage|p1a: Servine|49/100 brn
|
|-damage|p1a: Servine|43/100 brn|[from] brn
|upkeep
|turn|11
|
|t:|1710808645
|move|p1a: Servine|Leaf Storm|p2a: Dusclops
|-damage|p2a: Dusclops|0 fnt
|-boost|p1a: Servine|spa|2
|faint|p2a: Dusclops
|
|-damage|p1a: Servine|37/100 brn|[from] brn
|upkeep
|
|t:|1710808650
|switch|p2a: Cutiefly|Cutiefly, M|100/100
|turn|12
|
|t:|1710808659
|move|p2a: Cutiefly|U-turn|p1a: Servine
|-supereffective|p1a: Servine
|-damage|p1a: Servine|9/100 brn
|
|t:|1710808671
|switch|p2a: Quaxwell|Quaxwell, F|100/100|[from] U-turn
|move|p1a: Servine|Giga Drain|p2a: Quaxwell
|-supereffective|p2a: Quaxwell
|-damage|p2a: Quaxwell|0 fnt
|-heal|p1a: Servine|75/100 brn|[from] drain|[of] p2a: Quaxwell
|faint|p2a: Quaxwell
|
|-damage|p1a: Servine|68/100 brn|[from] brn
|upkeep
|
|t:|1710808674
|switch|p2a: Cutiefly|Cutiefly, M|100/100
|turn|13
|j| King_of_compote
|
|t:|1710808683
|move|p2a: Cutiefly|Sticky Web|p1a: Servine
|-sidestart|p1: Bigbill36321|move: Sticky Web
|move|p1a: Servine|Giga Drain|p2a: Cutiefly
|-resisted|p2a: Cutiefly
|-enditem|p2a: Cutiefly|Focus Sash
|-damage|p2a: Cutiefly|1/100
|-heal|p1a: Servine|100/100 brn|[from] drain|[of] p2a: Cutiefly
|
|-damage|p1a: Servine|94/100 brn|[from] brn
|upkeep
|turn|14
|
|t:|1710808695
|move|p2a: Cutiefly|Moonblast|p1a: Servine
|-crit|p1a: Servine
|-damage|p1a: Servine|50/100 brn
|-boost|p1a: Servine|spa|1
|move|p1a: Servine|Giga Drain|p2a: Cutiefly
|-resisted|p2a: Cutiefly
|-damage|p2a: Cutiefly|0 fnt
|-heal|p1a: Servine|50/100 brn|[from] drain|[of] p2a: Cutiefly
|faint|p2a: Cutiefly
|
|-damage|p1a: Servine|44/100 brn|[from] brn
|upkeep
|
|t:|1710808698
|switch|p2a: Pikachu|Pikachu, F|100/100
|turn|15
|
|t:|1710808713
|switch|p1a: Metang|Metang|53/100
|-activate|p1a: Metang|move: Sticky Web
|-fail|p1a: Metang|unboost|[from] ability: Clear Body|[of] p1a: Metang
|move|p2a: Pikachu|Fake Out|p1a: Metang
|-resisted|p1a: Metang
|-damage|p1a: Metang|50/100
|
|upkeep
|turn|16
|
|t:|1710808725
|move|p2a: Pikachu|Volt Switch|p1a: Metang
|-damage|p1a: Metang|8/100
|
|t:|1710808727
|switch|p2a: Vigoroth|Vigoroth, M|100/100|[from] Volt Switch
|move|p1a: Metang|Earthquake|p2a: Vigoroth
|-damage|p2a: Vigoroth|81/100
|
|upkeep
|turn|17
|
|t:|1710808737
|move|p2a: Vigoroth|Bulk Up|p2a: Vigoroth
|-boost|p2a: Vigoroth|atk|1
|-boost|p2a: Vigoroth|def|1
|move|p1a: Metang|Earthquake|p2a: Vigoroth
|-damage|p2a: Vigoroth|67/100
|
|upkeep
|turn|18
|
|t:|1710808745
|move|p2a: Vigoroth|Slack Off|p2a: Vigoroth
|-heal|p2a: Vigoroth|100/100
|move|p1a: Metang|Earthquake|p2a: Vigoroth
|-damage|p2a: Vigoroth|88/100
|
|upkeep
|turn|19
|
|t:|1710808752
|move|p2a: Vigoroth|Bulk Up|p2a: Vigoroth
|-boost|p2a: Vigoroth|atk|1
|-boost|p2a: Vigoroth|def|1
|move|p1a: Metang|Meteor Mash|p2a: Vigoroth
|-damage|p2a: Vigoroth|75/100
|
|upkeep
|turn|20
|
|t:|1710808762
|move|p2a: Vigoroth|Bulk Up|p2a: Vigoroth
|-boost|p2a: Vigoroth|atk|1
|-boost|p2a: Vigoroth|def|1
|move|p1a: Metang|Earthquake|p2a: Vigoroth
|-damage|p2a: Vigoroth|67/100
|
|upkeep
|turn|21
|
|t:|1710808782
|switch|p1a: Dunsparce|Dunsparce, F|100/100
|-activate|p1a: Dunsparce|move: Sticky Web
|-unboost|p1a: Dunsparce|spe|1
|move|p2a: Vigoroth|Bulk Up|p2a: Vigoroth
|-boost|p2a: Vigoroth|atk|1
|-boost|p2a: Vigoroth|def|1
|
|upkeep
|turn|22
|
|t:|1710808790
|move|p2a: Vigoroth|Knock Off|p1a: Dunsparce
|-damage|p1a: Dunsparce|43/100
|-enditem|p1a: Dunsparce|Leftovers|[from] move: Knock Off|[of] p2a: Vigoroth
|move|p1a: Dunsparce|Glare|p2a: Vigoroth
|-status|p2a: Vigoroth|par
|
|upkeep
|turn|23
|
|t:|1710808799
|move|p2a: Vigoroth|Slack Off|p2a: Vigoroth
|-heal|p2a: Vigoroth|100/100 par
|move|p1a: Dunsparce|Zen Headbutt|p2a: Vigoroth
|-damage|p2a: Vigoroth|96/100 par
|
|upkeep
|turn|24
|
|t:|1710808806
|move|p2a: Vigoroth|Facade|p1a: Dunsparce
|-damage|p1a: Dunsparce|0 fnt
|faint|p1a: Dunsparce
|
|upkeep
|
|t:|1710808810
|switch|p1a: Monferno|Monferno, M|100/100
|-activate|p1a: Monferno|move: Sticky Web
|-unboost|p1a: Monferno|spe|1
|turn|25
|
|t:|1710808821
|move|p1a: Monferno|Mach Punch|p2a: Vigoroth
|-supereffective|p2a: Vigoroth
|-crit|p2a: Vigoroth
|-damage|p2a: Vigoroth|28/100 par
|cant|p2a: Vigoroth|par
|
|upkeep
|turn|26
|
|t:|1710808833
|move|p1a: Monferno|Mach Punch|p2a: Vigoroth
|-supereffective|p2a: Vigoroth
|-damage|p2a: Vigoroth|13/100 par
|move|p2a: Vigoroth|Slack Off|p2a: Vigoroth
|-heal|p2a: Vigoroth|63/100 par
|
|upkeep
|turn|27
|
|t:|1710808840
|move|p1a: Monferno|Mach Punch|p2a: Vigoroth
|-supereffective|p2a: Vigoroth
|-damage|p2a: Vigoroth|46/100 par
|move|p2a: Vigoroth|Slack Off|p2a: Vigoroth
|-heal|p2a: Vigoroth|96/100 par
|
|upkeep
|turn|28
|
|t:|1710808850
|switch|p1a: Metang|Metang|8/100
|-activate|p1a: Metang|move: Sticky Web
|-fail|p1a: Metang|unboost|[from] ability: Clear Body|[of] p1a: Metang
|cant|p2a: Vigoroth|par
|
|upkeep
|turn|29
|
|t:|1710808860
|switch|p1a: Vullaby|Vullaby, F|5/100
|move|p2a: Vigoroth|Knock Off|p1a: Vullaby
|-resisted|p1a: Vullaby
|-damage|p1a: Vullaby|0 fnt
|-enditem|p1a: Vullaby|Life Orb|[from] move: Knock Off|[of] p2a: Vigoroth
|faint|p1a: Vullaby
|
|upkeep
|
|t:|1710808867
|switch|p1a: Electabuzz|Electabuzz, M|100/100
|-activate|p1a: Electabuzz|move: Sticky Web
|-unboost|p1a: Electabuzz|spe|1
|turn|30
|
|t:|1710808874
|move|p1a: Electabuzz|Focus Blast|p2a: Vigoroth|[miss]
|-miss|p1a: Electabuzz|p2a: Vigoroth
|cant|p2a: Vigoroth|par
|
|upkeep
|turn|31
|
|t:|1710808880
|move|p1a: Electabuzz|Focus Blast|p2a: Vigoroth
|-supereffective|p2a: Vigoroth
|-damage|p2a: Vigoroth|0 fnt
|faint|p2a: Vigoroth
|
|upkeep
|
|t:|1710808883
|switch|p2a: Pikachu|Pikachu, F|100/100
|turn|32
|
|t:|1710808887
|move|p2a: Pikachu|Fake Out|p1a: Electabuzz
|-damage|p1a: Electabuzz|76/100
|cant|p1a: Electabuzz|flinch
|
|upkeep
|turn|33
|
|t:|1710808893
|move|p2a: Pikachu|Surf|p1a: Electabuzz
|-damage|p1a: Electabuzz|23/100
|move|p1a: Electabuzz|Focus Blast|p2a: Pikachu
|-damage|p2a: Pikachu|0 fnt
|faint|p2a: Pikachu
|
|win|Bigbill36321
|l|☆TypeOnix
|player|p2|
