|j|☆Slowmoecamo
|j|☆VjTheEchidnahog
|t:|1710629368
|gametype|singles
|player|p1|Slowmoecamo|bianca|
|player|p2|VjTheEchidnahog|2|
|teamsize|p1|6
|teamsize|p2|6
|gen|9
|tier|[Gen 9] NFE
|rule|Species Clause: Limit one of each Pokémon
|rule|OHKO Clause: OHKO moves are banned
|rule|Evasion Moves Clause: Evasion moves are banned
|rule|Endless Battle Clause: Forcing endless battles is banned
|rule|HP Percentage Mod: HP is shown in percentages
|rule|Sleep Moves Clause: Sleep-inducing moves are banned
|rule|Terastal Clause: You cannot Terastallize
|clearpoke
|poke|p1|Tinkatuff, F|
|poke|p1|Brionne, F|
|poke|p1|Monferno, M|
|poke|p1|Duosion, F|
|poke|p1|Metang|
|poke|p1|Servine, F|
|poke|p2|Charjabug, M|
|poke|p2|Morgrem, M|
|poke|p2|Monferno, F|
|poke|p2|Wartortle, M|
|poke|p2|Dartrix, F|
|poke|p2|Sliggoo-Hisui, M|
|teampreview
|j| wolfgard
|
|t:|1710629389
|start
|switch|p1a: 0^0|Duosion, F|100/100
|switch|p2a: Double AA|Charjabug, M|100/100
|turn|1
|
|t:|1710629402
|move|p2a: Double AA|Sticky Web|p1a: 0^0
|-sidestart|p1: Slowmoecamo|move: Sticky Web
|move|p1a: 0^0|Trick Room|p1a: 0^0
|-fieldstart|move: Trick Room|[of] p1a: 0^0
|
|upkeep
|turn|2
|
|t:|1710629407
|move|p1a: 0^0|Psychic|p2a: Double AA
|-damage|p2a: Double AA|50/100
|move|p2a: Double AA|Skitter Smack|p1a: 0^0
|-supereffective|p1a: 0^0
|-damage|p1a: 0^0|34/100
|-unboost|p1a: 0^0|spa|1
|
|-heal|p1a: 0^0|40/100|[from] item: Leftovers
|-heal|p2a: Double AA|56/100|[from] item: Leftovers
|upkeep
|turn|3
|
|t:|1710629438
|move|p1a: 0^0|Psychic|p2a: Double AA
|-damage|p2a: Double AA|21/100
|move|p2a: Double AA|Skitter Smack|p1a: 0^0
|-supereffective|p1a: 0^0
|-damage|p1a: 0^0|0 fnt
|faint|p1a: 0^0
|
|-heal|p2a: Double AA|27/100|[from] item: Leftovers
|upkeep
|
|t:|1710629446
|switch|p1a: Mipha|Brionne, F, shiny|100/100
|-activate|p1a: Mipha|move: Sticky Web
|-unboost|p1a: Mipha|spe|1
|turn|4
|
|t:|1710629452
|move|p1a: Mipha|Hyper Voice|p2a: Double AA
|-damage|p2a: Double AA|0 fnt
|faint|p2a: Double AA
|-enditem|p1a: Mipha|Throat Spray
|-boost|p1a: Mipha|spa|1|[from] item: Throat Spray
|
|upkeep
|
|t:|1710629467
|switch|p2a: SIMP|Morgrem, M|100/100
|turn|5
|
|t:|1710629470
|move|p2a: SIMP|Parting Shot|p1a: Mipha
|-unboost|p1a: Mipha|atk|1
|-unboost|p1a: Mipha|spa|1
|
|t:|1710629476
|switch|p2a: Goober|Sliggoo-Hisui, M|100/100|[from] Parting Shot
|move|p1a: Mipha|Hyper Voice|p2a: Goober
|-resisted|p2a: Goober
|-damage|p2a: Goober|86/100
|
|-heal|p2a: Goober|92/100|[from] item: Leftovers
|-fieldend|move: Trick Room
|upkeep
|turn|6
|
|t:|1710629496
|switch|p1a: Me frfr|Tinkatuff, F|100/100
|-activate|p1a: Me frfr|move: Sticky Web
|-unboost|p1a: Me frfr|spe|1
|move|p2a: Goober|Iron Head|p1a: Me frfr
|-damage|p1a: Me frfr|79/100
|
|-heal|p2a: Goober|98/100|[from] item: Leftovers
|upkeep
|turn|7
|
|t:|1710629509
|move|p1a: Me frfr|Stealth Rock|p2a: Goober
|-sidestart|p2: VjTheEchidnahog|move: Stealth Rock
|move|p2a: Goober|Iron Head|p1a: Me frfr
|-damage|p1a: Me frfr|57/100
|
|-heal|p2a: Goober|100/100|[from] item: Leftovers
|upkeep
|turn|8
|
|t:|1710629518
|switch|p1a: MonkyBuysJuice|Monferno, M, shiny|100/100
|-activate|p1a: MonkyBuysJuice|move: Sticky Web
|-unboost|p1a: MonkyBuysJuice|spe|1
|move|p2a: Goober|Iron Head|p1a: MonkyBuysJuice
|-resisted|p1a: MonkyBuysJuice
|-damage|p1a: MonkyBuysJuice|73/100
|
|upkeep
|turn|9
|
|t:|1710629537
|switch|p2a: Mmm Monkey|Monferno, F|100/100
|-damage|p2a: Mmm Monkey|88/100|[from] Stealth Rock
|move|p1a: MonkyBuysJuice|Close Combat|p2a: Mmm Monkey
|-damage|p2a: Mmm Monkey|0 fnt
|-unboost|p1a: MonkyBuysJuice|def|1
|-unboost|p1a: MonkyBuysJuice|spd|1
|faint|p2a: Mmm Monkey
|
|upkeep
|
|t:|1710629567
|switch|p2a: OH WAITER|Dartrix, F|100/100
|turn|10
|
|t:|1710629576
|switch|p1a: Big Dude|Metang, shiny|100/100
|-activate|p1a: Big Dude|move: Sticky Web
|-fail|p1a: Big Dude|unboost|[from] ability: Clear Body|[of] p1a: Big Dude
|move|p2a: OH WAITER|Brave Bird|p1a: Big Dude
|-resisted|p1a: Big Dude
|-damage|p1a: Big Dude|78/100
|-damage|p2a: OH WAITER|95/100|[from] Recoil
|
|upkeep
|turn|11
|
|t:|1710629595
|switch|p2a: SIMP|Morgrem, M|100/100
|-damage|p2a: SIMP|88/100|[from] Stealth Rock
|move|p1a: Big Dude|Agility|p1a: Big Dude
|-boost|p1a: Big Dude|spe|2
|
|upkeep
|turn|12
|
|t:|1710629605
|move|p2a: SIMP|Reflect|p2a: SIMP
|-sidestart|p2: VjTheEchidnahog|Reflect
|move|p1a: Big Dude|Iron Head|p2a: SIMP
|-supereffective|p2a: SIMP
|-damage|p2a: SIMP|52/100
|
|upkeep
|turn|13
|
|t:|1710629631
|switch|p2a: Cowabunga|Wartortle, M|100/100
|-damage|p2a: Cowabunga|88/100|[from] Stealth Rock
|move|p1a: Big Dude|Iron Head|p2a: Cowabunga
|-resisted|p2a: Cowabunga
|-damage|p2a: Cowabunga|77/100
|
|upkeep
|turn|14
|
|t:|1710629639
|move|p1a: Big Dude|Earthquake|p2a: Cowabunga
|-damage|p2a: Cowabunga|61/100
|move|p2a: Cowabunga|Substitute|p2a: Cowabunga
|-start|p2a: Cowabunga|Substitute
|-damage|p2a: Cowabunga|36/100
|
|upkeep
|turn|15
|
|t:|1710629651
|move|p1a: Big Dude|Earthquake|p2a: Cowabunga
|-activate|p2a: Cowabunga|move: Substitute|[damage]
|move|p2a: Cowabunga|Shell Smash|p2a: Cowabunga
|-unboost|p2a: Cowabunga|def|1
|-unboost|p2a: Cowabunga|spd|1
|-boost|p2a: Cowabunga|atk|2
|-boost|p2a: Cowabunga|spa|2
|-boost|p2a: Cowabunga|spe|2
|-enditem|p2a: Cowabunga|White Herb
|-clearnegativeboost|p2a: Cowabunga|[silent]
|
|upkeep
|turn|16
|
|t:|1710629661
|move|p1a: Big Dude|Earthquake|p2a: Cowabunga
|-end|p2a: Cowabunga|Substitute
|move|p2a: Cowabunga|Surf|p1a: Big Dude
|-damage|p1a: Big Dude|0 fnt
|faint|p1a: Big Dude
|
|upkeep
|
|t:|1710629669
|switch|p1a: MonkyBuysJuice|Monferno, M, shiny|73/100
|-activate|p1a: MonkyBuysJuice|move: Sticky Web
|-unboost|p1a: MonkyBuysJuice|spe|1
|turn|17
|
|t:|1710629673
|move|p1a: MonkyBuysJuice|Fake Out|p2a: Cowabunga
|-damage|p2a: Cowabunga|29/100
|cant|p2a: Cowabunga|flinch
|
|upkeep
|turn|18
|j| Satoshi Bakura
|j| GrantS
|
|t:|1710629690
|move|p2a: Cowabunga|Surf|p1a: MonkyBuysJuice
|-supereffective|p1a: MonkyBuysJuice
|-damage|p1a: MonkyBuysJuice|0 fnt
|faint|p1a: MonkyBuysJuice
|
|upkeep
|
|t:|1710629696
|switch|p1a: Me frfr|Tinkatuff, F|57/100
|-activate|p1a: Me frfr|move: Sticky Web
|-unboost|p1a: Me frfr|spe|1
|turn|19
|j| Guppin
|
|t:|1710629701
|move|p1a: Me frfr|Fake Out|p2a: Cowabunga
|-damage|p2a: Cowabunga|25/100
|cant|p2a: Cowabunga|flinch
|
|-sideend|p2: VjTheEchidnahog|Reflect
|upkeep
|turn|20
|
|t:|1710629709
|move|p2a: Cowabunga|Surf|p1a: Me frfr
|-damage|p1a: Me frfr|0 fnt
|faint|p1a: Me frfr
|
|upkeep
|
|t:|1710629715
|switch|p1a: Mipha|Brionne, F, shiny|100/100
|-activate|p1a: Mipha|move: Sticky Web
|-unboost|p1a: Mipha|spe|1
|turn|21
|
|t:|1710629725
|move|p2a: Cowabunga|Surf|p1a: Mipha
|-resisted|p1a: Mipha
|-damage|p1a: Mipha|35/100
|move|p1a: Mipha|Moonblast|p2a: Cowabunga
|-damage|p2a: Cowabunga|0 fnt
|faint|p2a: Cowabunga
|
|upkeep
|
|t:|1710629737
|switch|p2a: SIMP|Morgrem, M|52/100
|-damage|p2a: SIMP|40/100|[from] Stealth Rock
|turn|22
|
|t:|1710629757
|move|p2a: SIMP|Light Screen|p2a: SIMP
|-sidestart|p2: VjTheEchidnahog|move: Light Screen
|move|p1a: Mipha|Flip Turn|p2a: SIMP
|-damage|p2a: SIMP|23/100
|
|t:|1710629761
|switch|p1a: The Za Za|Servine, F|100/100|[from] Flip Turn
|-activate|p1a: The Za Za|move: Sticky Web
|-boost|p1a: The Za Za|spe|1
|
|upkeep
|turn|23
|
|t:|1710629770
|switch|p2a: Goober|Sliggoo-Hisui, M|100/100
|-damage|p2a: Goober|94/100|[from] Stealth Rock
|move|p1a: The Za Za|Leaf Storm|p2a: Goober
|-ability|p2a: Goober|Sap Sipper|boost
|-boost|p2a: Goober|atk|1
|
|-heal|p2a: Goober|100/100|[from] item: Leftovers
|upkeep
|turn|24
|
|t:|1710629784
|move|p1a: The Za Za|Glare|p2a: Goober
|-status|p2a: Goober|par
|move|p2a: Goober|Iron Head|p1a: The Za Za
|-damage|p1a: The Za Za|53/100
|
|upkeep
|turn|25
|
|t:|1710629796
|switch|p1a: Mipha|Brionne, F, shiny|35/100
|-activate|p1a: Mipha|move: Sticky Web
|-unboost|p1a: Mipha|spe|1
|move|p2a: Goober|Iron Head|p1a: Mipha
|-resisted|p1a: Mipha
|-damage|p1a: Mipha|10/100
|
|upkeep
|turn|26
|
|t:|1710629809
|move|p1a: Mipha|Moonblast|p2a: Goober
|-damage|p2a: Goober|91/100 par
|cant|p2a: Goober|par
|
|-heal|p2a: Goober|97/100 par|[from] item: Leftovers
|upkeep
|turn|27
|
|t:|1710629816
|move|p1a: Mipha|Moonblast|p2a: Goober
|-damage|p2a: Goober|88/100 par
|-unboost|p2a: Goober|spa|1
|move|p2a: Goober|Iron Head|p1a: Mipha
|-resisted|p1a: Mipha
|-damage|p1a: Mipha|0 fnt
|faint|p1a: Mipha
|
|-heal|p2a: Goober|94/100 par|[from] item: Leftovers
|upkeep
|
|t:|1710629828
|switch|p1a: The Za Za|Servine, F|53/100
|-activate|p1a: The Za Za|move: Sticky Web
|-boost|p1a: The Za Za|spe|1
|turn|28
|
|t:|1710629837
|move|p1a: The Za Za|Leech Seed|p2a: Goober
|-ability|p2a: Goober|Sap Sipper|boost
|-boost|p2a: Goober|atk|1
|move|p2a: Goober|Rest|p2a: Goober
|-status|p2a: Goober|slp|[from] move: Rest
|-heal|p2a: Goober|100/100 slp|[silent]
|
|upkeep
|turn|29
|
|t:|1710629845
|move|p1a: The Za Za|Tera Blast|p2a: Goober
|-resisted|p2a: Goober
|-damage|p2a: Goober|98/100 slp
|cant|p2a: Goober|slp
|move|p2a: Goober|Sleep Talk|p2a: Goober
|move|p2a: Goober|Draco Meteor|p1a: The Za Za|[from]move: Sleep Talk
|-damage|p1a: The Za Za|24/100
|-unboost|p2a: Goober|spa|2
|
|-heal|p2a: Goober|100/100 slp|[from] item: Leftovers
|-sideend|p2: VjTheEchidnahog|move: Light Screen
|upkeep
|turn|30
|
|t:|1710629857
|move|p1a: The Za Za|Tera Blast|p2a: Goober
|-resisted|p2a: Goober
|-damage|p2a: Goober|96/100 slp
|cant|p2a: Goober|slp
|move|p2a: Goober|Sleep Talk|p2a: Goober
|move|p2a: Goober|Iron Head|p1a: The Za Za|[from]move: Sleep Talk
|-damage|p1a: The Za Za|0 fnt
|faint|p1a: The Za Za
|
|win|VjTheEchidnahog
