{"id":"gen9nfe-2078217311","format":"[Gen 9] NFE","players":["Hhsdhh","5Dots"],"log":"|j|\u2606Hhsdhh\n|j|\u26065Dots\n|inactive|Battle timer is ON: inactive players will automatically lose when time's up.\n|t:|1710126899\n|gametype|singles\n|player|p1|Hhsdhh|falkner|\n|player|p2|5Dots|acetrainer-gen4dp|\n|teamsize|p1|6\n|teamsize|p2|6\n|gen|9\n|tier|[Gen 9] NFE\n|rated|Tournament battle\n|rule|Species Clause: Limit one of each Pok\u00e9mon\n|rule|OHKO Clause: OHKO moves are banned\n|rule|Evasion Moves Clause: Evasion moves are banned\n|rule|Endless Battle Clause: Forcing endless battles is banned\n|rule|HP Percentage Mod: HP is shown in percentages\n|rule|Sleep Moves Clause: Sleep-inducing moves are banned\n|rule|Terastal Clause: You cannot Terastallize\n|clearpoke\n|poke|p1|Gligar, M|\n|poke|p1|Tinkatuff, F|\n|poke|p1|Pikachu, F|\n|poke|p1|Quaxwell, F|\n|poke|p1|Combusken, M|\n|poke|p1|Frogadier, M|\n|poke|p2|Servine, M|\n|poke|p2|Gligar, M|\n|poke|p2|Raboot, F|\n|poke|p2|Duosion, F|\n|poke|p2|Quaxwell, M|\n|poke|p2|Krokorok, M|\n|teampreview\n|inactive|Hhsdhh also wants the timer to be on.\n|\n|t:|1710126915\n|start\n|switch|p1a: Frogadier|Frogadier, M|100\/100\n|switch|p2a: Raboot|Raboot, F|100\/100\n|turn|1\n|\n|t:|1710126942\n|switch|p2a: Quaxwell|Quaxwell, M|100\/100\n|move|p1a: Frogadier|Hydro Pump|p2a: Quaxwell\n|-resisted|p2a: Quaxwell\n|-damage|p2a: Quaxwell|79\/100\n|\n|upkeep\n|turn|2\n|j| colorednaem\n|inactive|Hhsdhh has 120 seconds left.\n|l| colorednaem\n|\n|t:|1710126962\n|move|p1a: Frogadier|U-turn|p2a: Quaxwell\n|-start|p1a: Frogadier|typechange|Bug|[from] ability: Protean\n|-damage|p2a: Quaxwell|68\/100\n|inactive|Hhsdhh has 120 seconds left.\n|\n|t:|1710126971\n|switch|p1a: Tinkatuff|Tinkatuff, F|100\/100|[from] U-turn\n|-ability|p1a: Tinkatuff|Mold Breaker\n|move|p2a: Quaxwell|Flip Turn|p1a: Tinkatuff\n|-damage|p1a: Tinkatuff|81\/100\n|\n|t:|1710126985\n|switch|p2a: Raboot|Raboot, F|100\/100|[from] Flip Turn\n|\n|upkeep\n|turn|3\n|inactive|Hhsdhh has 120 seconds left.\n|\n|t:|1710127005\n|switch|p1a: Quaxwell|Quaxwell, F|100\/100\n|move|p2a: Raboot|U-turn|p1a: Quaxwell\n|-start|p2a: Raboot|typechange|Bug|[from] ability: Libero\n|-damage|p1a: Quaxwell|80\/100\n|\n|t:|1710127015\n|switch|p2a: Gligar|Gligar, M|100\/100|[from] U-turn\n|\n|upkeep\n|turn|4\n|inactive|Hhsdhh has 120 seconds left.\n|\n|t:|1710127025\n|move|p2a: Gligar|Toxic|p1a: Quaxwell\n|-status|p1a: Quaxwell|tox\n|move|p1a: Quaxwell|Rapid Spin|p2a: Gligar\n|-damage|p2a: Gligar|95\/100\n|-boost|p1a: Quaxwell|spe|1\n|\n|-damage|p1a: Quaxwell|74\/100 tox|[from] psn\n|upkeep\n|turn|5\n|\n|t:|1710127030\n|move|p1a: Quaxwell|Flip Turn|p2a: Gligar\n|-supereffective|p2a: Gligar\n|-damage|p2a: Gligar|77\/100\n|\n|t:|1710127041\n|switch|p1a: Frogadier|Frogadier, M|100\/100|[from] Flip Turn\n|move|p2a: Gligar|Knock Off|p1a: Frogadier\n|-damage|p1a: Frogadier|56\/100\n|-enditem|p1a: Frogadier|Heavy-Duty Boots|[from] move: Knock Off|[of] p2a: Gligar\n|\n|upkeep\n|turn|6\n|\n|t:|1710127047\n|switch|p2a: Quaxwell|Quaxwell, M|68\/100\n|move|p1a: Frogadier|Toxic Spikes|p2a: Quaxwell\n|-start|p1a: Frogadier|typechange|Poison|[from] ability: Protean\n|-sidestart|p2: 5Dots|move: Toxic Spikes\n|\n|upkeep\n|turn|7\n|\n|t:|1710127069\n|move|p1a: Frogadier|U-turn|p2a: Quaxwell\n|-crit|p2a: Quaxwell\n|-damage|p2a: Quaxwell|59\/100\n|inactive|Hhsdhh has 120 seconds left.\n|\n|t:|1710127099\n|switch|p1a: Tinkatuff|Tinkatuff, F|81\/100|[from] U-turn\n|-ability|p1a: Tinkatuff|Mold Breaker\n|move|p2a: Quaxwell|Rapid Spin|p1a: Tinkatuff\n|-resisted|p1a: Tinkatuff\n|-damage|p1a: Tinkatuff|76\/100\n|-boost|p2a: Quaxwell|spe|1\n|-sideend|p2: 5Dots|Toxic Spikes|[from] move: Rapid Spin|[of] p2a: Quaxwell\n|\n|upkeep\n|turn|8\n|\n|t:|1710127111\n|move|p2a: Quaxwell|Flip Turn|p1a: Tinkatuff\n|-damage|p1a: Tinkatuff|56\/100\n|\n|t:|1710127117\n|switch|p2a: Gligar|Gligar, M|77\/100|[from] Flip Turn\n|move|p1a: Tinkatuff|Knock Off|p2a: Gligar\n|-damage|p2a: Gligar|69\/100\n|-enditem|p2a: Gligar|Eviolite|[from] move: Knock Off|[of] p1a: Tinkatuff\n|\n|upkeep\n|turn|9\n|\n|t:|1710127134\n|move|p2a: Gligar|Stealth Rock|p1a: Tinkatuff\n|-sidestart|p1: Hhsdhh|move: Stealth Rock\n|move|p1a: Tinkatuff|Stealth Rock|p2a: Gligar\n|-sidestart|p2: 5Dots|move: Stealth Rock\n|\n|upkeep\n|turn|10\n|\n|t:|1710127140\n|move|p2a: Gligar|Earthquake|p1a: Tinkatuff\n|-supereffective|p1a: Tinkatuff\n|-crit|p1a: Tinkatuff\n|-damage|p1a: Tinkatuff|0 fnt\n|faint|p1a: Tinkatuff\n|\n|upkeep\n|inactive|Hhsdhh has 90 seconds left.\n|\n|t:|1710127179\n|switch|p1a: Quaxwell|Quaxwell, F|74\/100 tox\n|-damage|p1a: Quaxwell|62\/100 tox|[from] Stealth Rock\n|turn|11\n|\n|t:|1710127193\n|move|p2a: Gligar|Knock Off|p1a: Quaxwell\n|-damage|p1a: Quaxwell|49\/100 tox\n|-enditem|p1a: Quaxwell|Eviolite|[from] move: Knock Off|[of] p2a: Gligar\n|move|p1a: Quaxwell|Triple Axel|p2a: Gligar\n|-supereffective|p2a: Gligar\n|-damage|p2a: Gligar|56\/100\n|-supereffective|p2a: Gligar\n|-damage|p2a: Gligar|32\/100\n|-supereffective|p2a: Gligar\n|-damage|p2a: Gligar|0 fnt\n|faint|p2a: Gligar\n|-ability|p1a: Quaxwell|Moxie|boost\n|-boost|p1a: Quaxwell|atk|1\n|-hitcount|p2: Gligar|3\n|\n|-damage|p1a: Quaxwell|43\/100 tox|[from] psn\n|upkeep\n|\n|t:|1710127206\n|switch|p2a: Servine|Servine, M|100\/100\n|-damage|p2a: Servine|88\/100|[from] Stealth Rock\n|turn|12\n|c|\u2606Hhsdhh|that huge tbh\n|c|\u2606Hhsdhh|thats*\n|inactive|Hhsdhh has 90 seconds left.\n|\n|t:|1710127225\n|switch|p1a: Combusken|Combusken, M|100\/100\n|-damage|p1a: Combusken|88\/100|[from] Stealth Rock\n|move|p2a: Servine|Leaf Storm|p1a: Combusken\n|-resisted|p1a: Combusken\n|-damage|p1a: Combusken|57\/100\n|-boost|p2a: Servine|spa|2\n|\n|upkeep\n|turn|13\n|inactive|Hhsdhh has 90 seconds left.\n|inactive|5Dots has 120 seconds left.\n|\n|t:|1710127277\n|move|p1a: Combusken|Protect|p1a: Combusken\n|-singleturn|p1a: Combusken|Protect\n|move|p2a: Servine|Glare|p1a: Combusken\n|-activate|p1a: Combusken|move: Protect\n|\n|-ability|p1a: Combusken|Speed Boost|boost\n|-boost|p1a: Combusken|spe|1\n|upkeep\n|turn|14\n|inactive|Hhsdhh has 90 seconds left.\n|\n|t:|1710127293\n|move|p1a: Combusken|Fire Punch|p2a: Servine\n|-supereffective|p2a: Servine\n|-damage|p2a: Servine|32\/100\n|move|p2a: Servine|Glare|p1a: Combusken\n|-status|p1a: Combusken|par\n|\n|-ability|p1a: Combusken|Speed Boost|boost\n|-boost|p1a: Combusken|spe|1\n|upkeep\n|turn|15\n|inactive|Hhsdhh has 90 seconds left.\n|\n|t:|1710127304\n|move|p1a: Combusken|Protect|p1a: Combusken\n|-singleturn|p1a: Combusken|Protect\n|move|p2a: Servine|Synthesis|p2a: Servine\n|-heal|p2a: Servine|82\/100\n|\n|-ability|p1a: Combusken|Speed Boost|boost\n|-boost|p1a: Combusken|spe|1\n|upkeep\n|turn|16\n|inactive|Hhsdhh has 90 seconds left.\n|\n|t:|1710127317\n|switch|p2a: Quaxwell|Quaxwell, M|59\/100\n|-damage|p2a: Quaxwell|47\/100|[from] Stealth Rock\n|cant|p1a: Combusken|par\n|\n|-ability|p1a: Combusken|Speed Boost|boost\n|-boost|p1a: Combusken|spe|1\n|upkeep\n|turn|17\n|\n|t:|1710127324\n|move|p1a: Combusken|Close Combat|p2a: Quaxwell\n|-damage|p2a: Quaxwell|14\/100\n|-unboost|p1a: Combusken|def|1\n|-unboost|p1a: Combusken|spd|1\n|move|p2a: Quaxwell|Rapid Spin|p1a: Combusken\n|-crit|p1a: Combusken\n|-damage|p1a: Combusken|11\/100 par\n|-boost|p2a: Quaxwell|spe|1\n|-sideend|p2: 5Dots|Stealth Rock|[from] move: Rapid Spin|[of] p2a: Quaxwell\n|\n|-ability|p1a: Combusken|Speed Boost|boost\n|-boost|p1a: Combusken|spe|1\n|upkeep\n|turn|18\n|\n|t:|1710127336\n|move|p1a: Combusken|Close Combat|p2a: Quaxwell\n|-damage|p2a: Quaxwell|0 fnt\n|-unboost|p1a: Combusken|def|1\n|-unboost|p1a: Combusken|spd|1\n|faint|p2a: Quaxwell\n|\n|-ability|p1a: Combusken|Speed Boost|boost\n|-boost|p1a: Combusken|spe|1\n|upkeep\n|\n|t:|1710127340\n|switch|p2a: Duosion|Duosion, F|100\/100\n|turn|19\n|\n|t:|1710127348\n|move|p1a: Combusken|Fire Punch|p2a: Duosion\n|-damage|p2a: Duosion|76\/100\n|move|p2a: Duosion|Acid Armor|p2a: Duosion\n|-boost|p2a: Duosion|def|2\n|\n|upkeep\n|turn|20\n|inactive|Hhsdhh has 90 seconds left.\n|\n|t:|1710127376\n|move|p1a: Combusken|Fire Punch|p2a: Duosion\n|-damage|p2a: Duosion|63\/100\n|move|p2a: Duosion|Calm Mind|p2a: Duosion\n|-boost|p2a: Duosion|spa|1\n|-boost|p2a: Duosion|spd|1\n|\n|upkeep\n|turn|21\n|inactive|Hhsdhh has 90 seconds left.\n|\n|t:|1710127393\n|switch|p1a: Frogadier|Frogadier, M|56\/100\n|-damage|p1a: Frogadier|44\/100|[from] Stealth Rock\n|move|p2a: Duosion|Calm Mind|p2a: Duosion\n|-boost|p2a: Duosion|spa|1\n|-boost|p2a: Duosion|spd|1\n|\n|upkeep\n|turn|22\n|\n|t:|1710127398\n|move|p1a: Frogadier|U-turn|p2a: Duosion\n|-start|p1a: Frogadier|typechange|Bug|[from] ability: Protean\n|-supereffective|p2a: Duosion\n|-damage|p2a: Duosion|50\/100\n|\n|t:|1710127405\n|switch|p1a: Gligar|Gligar, M|100\/100|[from] U-turn\n|-damage|p1a: Gligar|88\/100|[from] Stealth Rock\n|move|p2a: Duosion|Stored Power|p1a: Gligar\n|-damage|p1a: Gligar|0 fnt\n|faint|p1a: Gligar\n|\n|upkeep\n|inactive|Hhsdhh has 90 seconds left.\n|\n|t:|1710127421\n|switch|p1a: Pikachu|Pikachu, F|100\/100\n|-damage|p1a: Pikachu|88\/100|[from] Stealth Rock\n|turn|23\n|inactive|Hhsdhh has 90 seconds left.\n|\n|t:|1710127437\n|move|p1a: Pikachu|Thunderbolt|p2a: Duosion\n|-damage|p2a: Duosion|22\/100\n|move|p2a: Duosion|Stored Power|p1a: Pikachu\n|-damage|p1a: Pikachu|0 fnt\n|faint|p1a: Pikachu\n|\n|upkeep\n|inactive|Hhsdhh has 90 seconds left.\n|c|\u26065Dots|gg\n|inactive|Hhsdhh has 60 seconds left.\n|\n|t:|1710127486\n|switch|p1a: Frogadier|Frogadier, M|44\/100\n|-damage|p1a: Frogadier|31\/100|[from] Stealth Rock\n|turn|24\n|\n|t:|1710127496\n|move|p1a: Frogadier|Hydro Pump|p2a: Duosion\n|-damage|p2a: Duosion|0 fnt\n|faint|p2a: Duosion\n|\n|upkeep\n|\n|t:|1710127501\n|switch|p2a: Krokorok|Krokorok, M|100\/100\n|turn|25\n|\n|t:|1710127506\n|move|p2a: Krokorok|Earthquake|p1a: Frogadier\n|-damage|p1a: Frogadier|0 fnt\n|faint|p1a: Frogadier\n|-ability|p2a: Krokorok|Moxie|boost\n|-boost|p2a: Krokorok|atk|1\n|\n|upkeep\n|\n|t:|1710127510\n|switch|p1a: Quaxwell|Quaxwell, F|43\/100 tox\n|-damage|p1a: Quaxwell|30\/100 tox|[from] Stealth Rock\n|turn|26\n|\n|t:|1710127513\n|move|p2a: Krokorok|Earthquake|p1a: Quaxwell\n|-damage|p1a: Quaxwell|0 fnt\n|faint|p1a: Quaxwell\n|-ability|p2a: Krokorok|Moxie|boost\n|-boost|p2a: Krokorok|atk|1\n|\n|upkeep\n|\n|t:|1710127516\n|switch|p1a: Combusken|Combusken, M|11\/100 par\n|-damage|p1a: Combusken|0 fnt|[from] Stealth Rock\n|faint|p1a: Combusken\n|\n|win|5Dots\n|n|\u2606Hhsdhh|hhsdhh\n|n|\u26065Dots|5dots\n","uploadtime":1710127516,"views":1,"formatid":"gen9nfe","rating":null,"private":0,"password":null}