{"id":"gen9nfe-2084044239","format":"[Gen 9] NFE","players":["Bigbill36321","TypeOnix"],"log":"|j|\u2606Bigbill36321\n|j|\u2606TypeOnix\n|t:|1710809664\n|gametype|singles\n|player|p1|Bigbill36321|102|\n|player|p2|TypeOnix|2|\n|teamsize|p1|6\n|teamsize|p2|6\n|gen|9\n|tier|[Gen 9] NFE\n|rule|Species Clause: Limit one of each Pok\u00e9mon\n|rule|OHKO Clause: OHKO moves are banned\n|rule|Evasion Moves Clause: Evasion moves are banned\n|rule|Endless Battle Clause: Forcing endless battles is banned\n|rule|HP Percentage Mod: HP is shown in percentages\n|rule|Sleep Moves Clause: Sleep-inducing moves are banned\n|rule|Terastal Clause: You cannot Terastallize\n|clearpoke\n|poke|p1|Electabuzz, F|\n|poke|p1|Dunsparce, M|\n|poke|p1|Monferno, F|\n|poke|p1|Vullaby, F|\n|poke|p1|Servine, F|\n|poke|p1|Metang|\n|poke|p2|Drakloak, M|\n|poke|p2|Vigoroth, M|\n|poke|p2|Pikachu, M|\n|poke|p2|Cutiefly, F|\n|poke|p2|Dusclops, F|\n|poke|p2|Quaxwell, M|\n|teampreview\n|\n|t:|1710809679\n|start\n|switch|p1a: Dunsparce|Dunsparce, M|100\/100\n|switch|p2a: Pikachu|Pikachu, M|100\/100\n|turn|1\n|\n|t:|1710809693\n|move|p2a: Pikachu|Volt Switch|p1a: Dunsparce\n|-damage|p1a: Dunsparce|49\/100\n|\n|t:|1710809701\n|switch|p2a: Dusclops|Dusclops, F|100\/100|[from] Volt Switch\n|-ability|p2a: Dusclops|Pressure\n|move|p1a: Dunsparce|Zen Headbutt|p2a: Dusclops\n|-damage|p2a: Dusclops|91\/100\n|\n|-heal|p1a: Dunsparce|55\/100|[from] item: Leftovers\n|upkeep\n|turn|2\n|\n|t:|1710809723\n|switch|p1a: Servine|Servine, F|100\/100\n|move|p2a: Dusclops|Will-O-Wisp|p1a: Servine\n|-status|p1a: Servine|brn\n|\n|-damage|p1a: Servine|94\/100 brn|[from] brn\n|upkeep\n|turn|3\n|\n|t:|1710809731\n|move|p1a: Servine|Leaf Storm|p2a: Dusclops\n|-damage|p2a: Dusclops|68\/100\n|-boost|p1a: Servine|spa|2\n|move|p2a: Dusclops|Night Shade|p1a: Servine\n|-damage|p1a: Servine|56\/100 brn\n|\n|-damage|p1a: Servine|50\/100 brn|[from] brn\n|upkeep\n|turn|4\n|\n|t:|1710809742\n|move|p1a: Servine|Leaf Storm|p2a: Dusclops\n|-damage|p2a: Dusclops|22\/100\n|-boost|p1a: Servine|spa|2\n|move|p2a: Dusclops|Night Shade|p1a: Servine\n|-damage|p1a: Servine|12\/100 brn\n|\n|-damage|p1a: Servine|6\/100 brn|[from] brn\n|upkeep\n|turn|5\n|\n|t:|1710809752\n|switch|p2a: Drakloak|Drakloak, M|100\/100\n|move|p1a: Servine|Synthesis|p1a: Servine\n|-heal|p1a: Servine|56\/100 brn\n|\n|-damage|p1a: Servine|50\/100 brn|[from] brn\n|upkeep\n|turn|6\n|j| mcmuslim\n|\n|t:|1710809770\n|switch|p1a: Dunsparce|Dunsparce, M|55\/100\n|move|p2a: Drakloak|Draco Meteor|p1a: Dunsparce\n|-damage|p1a: Dunsparce|0 fnt\n|-unboost|p2a: Drakloak|spa|2\n|faint|p1a: Dunsparce\n|\n|upkeep\n|\n|t:|1710809777\n|switch|p1a: Vullaby|Vullaby, F|100\/100\n|turn|7\n|\n|t:|1710809791\n|switch|p2a: Dusclops|Dusclops, F|22\/100\n|-ability|p2a: Dusclops|Pressure\n|move|p1a: Vullaby|Knock Off|p2a: Dusclops\n|-supereffective|p2a: Dusclops\n|-crit|p2a: Dusclops\n|-damage|p2a: Dusclops|0 fnt\n|-enditem|p2a: Dusclops|Eviolite|[from] move: Knock Off|[of] p1a: Vullaby\n|faint|p2a: Dusclops\n|-damage|p1a: Vullaby|91\/100|[from] item: Life Orb\n|\n|upkeep\n|\n|t:|1710809793\n|switch|p2a: Cutiefly|Cutiefly, F|100\/100\n|turn|8\n|\n|t:|1710809806\n|switch|p1a: Metang|Metang|100\/100\n|move|p2a: Cutiefly|Sticky Web|p1a: Metang\n|-sidestart|p1: Bigbill36321|move: Sticky Web\n|\n|upkeep\n|turn|9\n|\n|t:|1710809812\n|move|p2a: Cutiefly|Stun Spore|p1a: Metang\n|-status|p1a: Metang|par\n|move|p1a: Metang|Meteor Mash|p2a: Cutiefly\n|-supereffective|p2a: Cutiefly\n|-enditem|p2a: Cutiefly|Focus Sash\n|-damage|p2a: Cutiefly|1\/100\n|\n|upkeep\n|turn|10\n|\n|t:|1710809821\n|move|p2a: Cutiefly|U-turn|p1a: Metang\n|-damage|p1a: Metang|92\/100 par\n|\n|t:|1710809825\n|switch|p2a: Quaxwell|Quaxwell, M|100\/100|[from] U-turn\n|move|p1a: Metang|Earthquake|p2a: Quaxwell\n|-damage|p2a: Quaxwell|85\/100\n|\n|upkeep\n|turn|11\n|\n|t:|1710809834\n|move|p2a: Quaxwell|Flip Turn|p1a: Metang\n|-damage|p1a: Metang|80\/100 par\n|\n|t:|1710809854\n|switch|p2a: Vigoroth|Vigoroth, M|100\/100|[from] Flip Turn\n|move|p1a: Metang|Meteor Mash|p2a: Vigoroth\n|-damage|p2a: Vigoroth|75\/100\n|\n|upkeep\n|turn|12\n|\n|t:|1710809868\n|switch|p1a: Servine|Servine, F|50\/100 brn\n|-activate|p1a: Servine|move: Sticky Web\n|-boost|p1a: Servine|spe|1\n|move|p2a: Vigoroth|Bulk Up|p2a: Vigoroth\n|-boost|p2a: Vigoroth|atk|1\n|-boost|p2a: Vigoroth|def|1\n|\n|-damage|p1a: Servine|44\/100 brn|[from] brn\n|upkeep\n|turn|13\n|\n|t:|1710809881\n|move|p1a: Servine|Giga Drain|p2a: Vigoroth\n|-damage|p2a: Vigoroth|48\/100\n|-heal|p1a: Servine|63\/100 brn|[from] drain|[of] p2a: Vigoroth\n|move|p2a: Vigoroth|Facade|p1a: Servine\n|-damage|p1a: Servine|31\/100 brn\n|\n|-damage|p1a: Servine|25\/100 brn|[from] brn\n|upkeep\n|turn|14\n|\n|t:|1710809894\n|switch|p2a: Cutiefly|Cutiefly, F|1\/100\n|move|p1a: Servine|Synthesis|p1a: Servine\n|-heal|p1a: Servine|75\/100 brn\n|\n|-damage|p1a: Servine|69\/100 brn|[from] brn\n|upkeep\n|turn|15\n|\n|t:|1710809902\n|move|p1a: Servine|Leaf Storm|p2a: Cutiefly|[miss]\n|-miss|p1a: Servine|p2a: Cutiefly\n|move|p2a: Cutiefly|Moonblast|p1a: Servine\n|-damage|p1a: Servine|39\/100 brn\n|-boost|p1a: Servine|spa|1\n|\n|-damage|p1a: Servine|33\/100 brn|[from] brn\n|upkeep\n|turn|16\n|\n|t:|1710809910\n|move|p1a: Servine|Leaf Storm|p2a: Cutiefly\n|-resisted|p2a: Cutiefly\n|-damage|p2a: Cutiefly|0 fnt\n|-boost|p1a: Servine|spa|2\n|faint|p2a: Cutiefly\n|\n|-damage|p1a: Servine|27\/100 brn|[from] brn\n|upkeep\n|\n|t:|1710809917\n|switch|p2a: Drakloak|Drakloak, M|100\/100\n|turn|17\n|\n|t:|1710809934\n|move|p1a: Servine|Leaf Storm|p2a: Drakloak\n|-resisted|p2a: Drakloak\n|-damage|p2a: Drakloak|0 fnt\n|-boost|p1a: Servine|spa|2\n|faint|p2a: Drakloak\n|\n|-damage|p1a: Servine|21\/100 brn|[from] brn\n|upkeep\n|\n|t:|1710809939\n|switch|p2a: Pikachu|Pikachu, M|100\/100\n|turn|18\n|\n|t:|1710809946\n|move|p2a: Pikachu|Fake Out|p1a: Servine\n|-damage|p1a: Servine|7\/100 brn\n|cant|p1a: Servine|flinch\n|\n|-damage|p1a: Servine|1\/100 brn|[from] brn\n|upkeep\n|turn|19\n|\n|t:|1710809957\n|move|p1a: Servine|Synthesis|p1a: Servine\n|-heal|p1a: Servine|51\/100 brn\n|move|p2a: Pikachu|Volt Switch|p1a: Servine\n|-resisted|p1a: Servine\n|-damage|p1a: Servine|27\/100 brn\n|\n|t:|1710809960\n|switch|p2a: Vigoroth|Vigoroth, M|48\/100|[from] Volt Switch\n|\n|-damage|p1a: Servine|21\/100 brn|[from] brn\n|upkeep\n|turn|20\n|\n|t:|1710809970\n|move|p1a: Servine|Giga Drain|p2a: Vigoroth\n|-damage|p2a: Vigoroth|0 fnt\n|-heal|p1a: Servine|54\/100 brn|[from] drain|[of] p2a: Vigoroth\n|faint|p2a: Vigoroth\n|\n|-damage|p1a: Servine|48\/100 brn|[from] brn\n|upkeep\n|\n|t:|1710809972\n|switch|p2a: Pikachu|Pikachu, M|100\/100\n|turn|21\n|\n|t:|1710809980\n|move|p2a: Pikachu|Fake Out|p1a: Servine\n|-damage|p1a: Servine|34\/100 brn\n|cant|p1a: Servine|flinch\n|\n|-damage|p1a: Servine|28\/100 brn|[from] brn\n|upkeep\n|turn|22\n|\n|t:|1710809987\n|move|p1a: Servine|Giga Drain|p2a: Pikachu\n|-damage|p2a: Pikachu|0 fnt\n|-heal|p1a: Servine|69\/100 brn|[from] drain|[of] p2a: Pikachu\n|faint|p2a: Pikachu\n|\n|-damage|p1a: Servine|63\/100 brn|[from] brn\n|upkeep\n|\n|t:|1710809990\n|switch|p2a: Quaxwell|Quaxwell, M|85\/100\n|turn|23\n|\n|t:|1710809997\n|move|p1a: Servine|Giga Drain|p2a: Quaxwell\n|-supereffective|p2a: Quaxwell\n|-damage|p2a: Quaxwell|0 fnt\n|-heal|p1a: Servine|100\/100 brn|[from] drain|[of] p2a: Quaxwell\n|faint|p2a: Quaxwell\n|\n|win|Bigbill36321\n","uploadtime":1710810011,"views":17,"formatid":"gen9nfe","rating":null,"private":0,"password":null}