{"id":"gen9randombattle-2093374014","format":"[Gen 9] Random Battle","players":["GiveGum","lNexl"],"log":"|j|\u2606GiveGum\n|j|\u2606lNexl\n|t:|1711946611\n|gametype|singles\n|player|p1|GiveGum|1|1309\n|player|p2|lNexl|2|1359\n|teamsize|p1|6\n|teamsize|p2|6\n|gen|9\n|tier|[Gen 9] Random Battle\n|rated|\n|rule|Species Clause: Limit one of each Pok\u00e9mon\n|rule|HP Percentage Mod: HP is shown in percentages\n|rule|Sleep Clause Mod: Limit one foe put to sleep\n|rule|Illusion Level Mod: Illusion disguises the Pok\u00e9mon's true level\n|\n|t:|1711946611\n|start\n|switch|p1a: Hoopa|Hoopa, L85|275\/275\n|switch|p2a: Perrserker|Perrserker, L89, M|269\/269\n|turn|1\n|inactive|Battle timer is ON: inactive players will automatically lose when time's up. (requested by GiveGum)\n|\n|t:|1711946638\n|move|p1a: Hoopa|Trick|p2a: Perrserker\n|-activate|p1a: Hoopa|move: Trick|[of] p2a: Perrserker\n|-item|p2a: Perrserker|Choice Scarf|[from] move: Trick\n|-item|p1a: Hoopa|Life Orb|[from] move: Trick\n|move|p2a: Perrserker|U-turn|p1a: Hoopa\n|-damage|p1a: Hoopa|192\/275\n|\n|t:|1711946650\n|switch|p2a: Shiftry|Shiftry, L89, F|305\/305|[from] U-turn\n|\n|upkeep\n|turn|2\n|\n|t:|1711946669\n|switch|p1a: Illumise|Illumise, L91, F|266\/266\n|move|p2a: Shiftry|Knock Off|p1a: Illumise\n|-damage|p1a: Illumise|102\/266\n|-enditem|p1a: Illumise|Heavy-Duty Boots|[from] move: Knock Off|[of] p2a: Shiftry\n|-damage|p2a: Shiftry|275\/305|[from] item: Life Orb\n|\n|upkeep\n|turn|3\n|\n|t:|1711946690\n|switch|p2a: Grimmsnarl|Grimmsnarl, L83, M|293\/293\n|move|p1a: Illumise|Roost|p1a: Illumise\n|-heal|p1a: Illumise|235\/266\n|-singleturn|p1a: Illumise|move: Roost\n|\n|upkeep\n|turn|4\n|inactive|lNexl has 120 seconds left.\n|\n|t:|1711946718\n|move|p2a: Grimmsnarl|Parting Shot|p1a: Illumise\n|-unboost|p1a: Illumise|atk|1\n|-unboost|p1a: Illumise|spa|1\n|inactive|lNexl has 120 seconds left.\n|\n|t:|1711946743\n|switch|p2a: Granbull|Granbull, L88, M|302\/302|[from] Parting Shot\n|-ability|p2a: Granbull|Intimidate|boost\n|-unboost|p1a: Illumise|atk|1\n|move|p1a: Illumise|Bug Buzz|p2a: Granbull\n|-resisted|p2a: Granbull\n|-damage|p2a: Granbull|264\/302\n|\n|-heal|p2a: Granbull|282\/302|[from] item: Leftovers\n|upkeep\n|turn|5\n|\n|t:|1711946755\n|-terastallize|p2a: Granbull|Ground\n|move|p1a: Illumise|Thunder Wave|p2a: Granbull\n|-immune|p2a: Granbull\n|move|p2a: Granbull|Thunder Wave|p1a: Illumise\n|-status|p1a: Illumise|par\n|\n|-heal|p2a: Granbull|300\/302|[from] item: Leftovers\n|upkeep\n|turn|6\n|\n|t:|1711946769\n|cant|p1a: Illumise|par\n|move|p2a: Granbull|Earthquake|p1a: Illumise\n|-resisted|p1a: Illumise\n|-crit|p1a: Illumise\n|-damage|p1a: Illumise|126\/266 par\n|\n|-heal|p2a: Granbull|302\/302|[from] item: Leftovers\n|upkeep\n|turn|7\n|\n|t:|1711946776\n|move|p1a: Illumise|Roost|p1a: Illumise\n|-heal|p1a: Illumise|259\/266 par\n|-singleturn|p1a: Illumise|move: Roost\n|move|p2a: Granbull|Encore|p1a: Illumise\n|-start|p1a: Illumise|Encore\n|\n|upkeep\n|turn|8\n|\n|t:|1711946795\n|switch|p2a: Perrserker|Perrserker, L89, M|269\/269\n|cant|p1a: Illumise|par\n|\n|upkeep\n|turn|9\n|\n|t:|1711946805\n|move|p1a: Illumise|Roost|p1a: Illumise\n|-heal|p1a: Illumise|266\/266 par\n|-singleturn|p1a: Illumise|move: Roost\n|move|p2a: Perrserker|Stealth Rock|p1a: Illumise\n|-sidestart|p1: GiveGum|move: Stealth Rock\n|\n|upkeep\n|turn|10\n|\n|t:|1711946823\n|switch|p2a: Granbull|Granbull, L88, M, tera:Ground|302\/302\n|-ability|p2a: Granbull|Intimidate|boost\n|-unboost|p1a: Illumise|atk|1\n|cant|p1a: Illumise|par\n|\n|-end|p1a: Illumise|Encore\n|upkeep\n|turn|11\n|\n|t:|1711946832\n|move|p1a: Illumise|Encore||[still]\n|-fail|p1a: Illumise\n|move|p2a: Granbull|Encore||[still]\n|-fail|p2a: Granbull\n|\n|upkeep\n|turn|12\n|\n|t:|1711946847\n|move|p1a: Illumise|Encore||[still]\n|-fail|p1a: Illumise\n|move|p2a: Granbull|Encore||[still]\n|-fail|p2a: Granbull\n|\n|upkeep\n|turn|13\n|\n|t:|1711946857\n|move|p1a: Illumise|Encore||[still]\n|-fail|p1a: Illumise\n|move|p2a: Granbull|Play Rough|p1a: Illumise\n|-damage|p1a: Illumise|145\/266 par\n|\n|upkeep\n|turn|14\n|\n|t:|1711946873\n|switch|p2a: Grimmsnarl|Grimmsnarl, L83, M|293\/293\n|move|p1a: Illumise|Encore|p2a: Grimmsnarl\n|-hint|Since gen 7, Dark is immune to Prankster moves.\n|-immune|p2a: Grimmsnarl\n|\n|upkeep\n|turn|15\n|\n|t:|1711946880\n|move|p2a: Grimmsnarl|Taunt|p1a: Illumise\n|-start|p1a: Illumise|move: Taunt\n|move|p1a: Illumise|Bug Buzz|p2a: Grimmsnarl\n|-damage|p2a: Grimmsnarl|221\/293\n|\n|-heal|p2a: Grimmsnarl|239\/293|[from] item: Leftovers\n|upkeep\n|turn|16\n|\n|t:|1711946887\n|move|p2a: Grimmsnarl|Spirit Break|p1a: Illumise\n|-damage|p1a: Illumise|42\/266 par\n|-unboost|p1a: Illumise|spa|1\n|move|p1a: Illumise|Bug Buzz|p2a: Grimmsnarl\n|-damage|p2a: Grimmsnarl|190\/293\n|\n|-heal|p2a: Grimmsnarl|208\/293|[from] item: Leftovers\n|upkeep\n|turn|17\n|inactive|lNexl has 120 seconds left.\n|\n|t:|1711946901\n|move|p2a: Grimmsnarl|Spirit Break|p1a: Illumise\n|-damage|p1a: Illumise|0 fnt\n|faint|p1a: Illumise\n|\n|-heal|p2a: Grimmsnarl|226\/293|[from] item: Leftovers\n|upkeep\n|\n|t:|1711946905\n|switch|p1a: Ariados|Ariados, L94, M|284\/284\n|turn|18\n|\n|t:|1711946909\n|move|p2a: Grimmsnarl|Taunt|p1a: Ariados\n|-start|p1a: Ariados|move: Taunt\n|cant|p1a: Ariados|move: Taunt|Sticky Web\n|\n|-heal|p2a: Grimmsnarl|244\/293|[from] item: Leftovers\n|upkeep\n|turn|19\n|\n|t:|1711946919\n|switch|p2a: Granbull|Granbull, L88, M, tera:Ground|302\/302\n|-ability|p2a: Granbull|Intimidate|boost\n|-unboost|p1a: Ariados|atk|1\n|move|p1a: Ariados|Poison Jab|p2a: Granbull\n|-resisted|p2a: Granbull\n|-damage|p2a: Granbull|266\/302\n|-status|p2a: Granbull|psn\n|\n|-heal|p2a: Granbull|284\/302 psn|[from] item: Leftovers\n|-damage|p2a: Granbull|247\/302 psn|[from] psn\n|upkeep\n|turn|20\n|\n|t:|1711946931\n|switch|p1a: Glaceon|Glaceon, L94, F|275\/275\n|move|p2a: Granbull|Earthquake|p1a: Glaceon\n|-damage|p1a: Glaceon|178\/275\n|\n|-heal|p2a: Granbull|265\/302 psn|[from] item: Leftovers\n|-damage|p2a: Granbull|228\/302 psn|[from] psn\n|upkeep\n|turn|21\n|\n|t:|1711946939\n|switch|p2a: Perrserker|Perrserker, L89, M|269\/269\n|move|p1a: Glaceon|Freeze-Dry|p2a: Perrserker\n|-resisted|p2a: Perrserker\n|-damage|p2a: Perrserker|203\/269\n|\n|upkeep\n|turn|22\n|\n|t:|1711946946\n|move|p2a: Perrserker|Iron Head|p1a: Glaceon\n|-supereffective|p1a: Glaceon\n|-damage|p1a: Glaceon|0 fnt\n|faint|p1a: Glaceon\n|\n|upkeep\n|\n|t:|1711946949\n|switch|p1a: Ariados|Ariados, L94, M|284\/284\n|turn|23\n|\n|t:|1711946953\n|move|p2a: Perrserker|Iron Head|p1a: Ariados\n|-damage|p1a: Ariados|116\/284\n|move|p1a: Ariados|Sticky Web|p2a: Perrserker\n|-sidestart|p2: lNexl|move: Sticky Web\n|\n|upkeep\n|turn|24\n|\n|t:|1711946957\n|move|p2a: Perrserker|Iron Head|p1a: Ariados\n|-damage|p1a: Ariados|0 fnt\n|faint|p1a: Ariados\n|\n|upkeep\n|\n|t:|1711946962\n|switch|p1a: Annihilape|Annihilape, L76, M|292\/292\n|-damage|p1a: Annihilape|274\/292|[from] Stealth Rock\n|turn|25\n|\n|t:|1711946972\n|switch|p2a: Granbull|Granbull, L88, M, tera:Ground|228\/302 psn\n|-activate|p2a: Granbull|move: Sticky Web\n|-unboost|p2a: Granbull|spe|1\n|-ability|p2a: Granbull|Intimidate|boost\n|-unboost|p1a: Annihilape|atk|1\n|-ability|p1a: Annihilape|Defiant|boost\n|-boost|p1a: Annihilape|atk|2\n|move|p1a: Annihilape|Bulk Up|p1a: Annihilape\n|-boost|p1a: Annihilape|atk|1\n|-boost|p1a: Annihilape|def|1\n|\n|-heal|p1a: Annihilape|292\/292|[from] item: Leftovers\n|-heal|p2a: Granbull|246\/302 psn|[from] item: Leftovers\n|-damage|p2a: Granbull|209\/302 psn|[from] psn\n|upkeep\n|turn|26\n|\n|t:|1711946986\n|move|p1a: Annihilape|Drain Punch|p2a: Granbull\n|-damage|p2a: Granbull|53\/302 psn\n|move|p2a: Granbull|Thunder Wave|p1a: Annihilape\n|-status|p1a: Annihilape|par\n|\n|-heal|p2a: Granbull|71\/302 psn|[from] item: Leftovers\n|-damage|p2a: Granbull|34\/302 psn|[from] psn\n|upkeep\n|turn|27\n|\n|t:|1711946997\n|move|p1a: Annihilape|Drain Punch|p2a: Granbull\n|-damage|p2a: Granbull|0 fnt\n|faint|p2a: Granbull\n|\n|upkeep\n|\n|t:|1711947017\n|switch|p2a: Grimmsnarl|Grimmsnarl, L83, M|244\/293\n|-activate|p2a: Grimmsnarl|move: Sticky Web\n|-unboost|p2a: Grimmsnarl|spe|1\n|turn|28\n|\n|t:|1711947024\n|move|p2a: Grimmsnarl|Spirit Break|p1a: Annihilape\n|-supereffective|p1a: Annihilape\n|-damage|p1a: Annihilape|146\/292 par\n|-unboost|p1a: Annihilape|spa|1\n|-ability|p1a: Annihilape|Defiant|boost\n|-boost|p1a: Annihilape|atk|2\n|move|p1a: Annihilape|Taunt|p2a: Grimmsnarl\n|-start|p2a: Grimmsnarl|move: Taunt\n|\n|-heal|p2a: Grimmsnarl|262\/293|[from] item: Leftovers\n|-heal|p1a: Annihilape|164\/292 par|[from] item: Leftovers\n|upkeep\n|turn|29\n|\n|t:|1711947034\n|move|p2a: Grimmsnarl|Spirit Break|p1a: Annihilape\n|-supereffective|p1a: Annihilape\n|-damage|p1a: Annihilape|26\/292 par\n|-unboost|p1a: Annihilape|spa|1\n|-ability|p1a: Annihilape|Defiant|boost\n|-boost|p1a: Annihilape|atk|2\n|move|p1a: Annihilape|Drain Punch|p2a: Grimmsnarl\n|-damage|p2a: Grimmsnarl|0 fnt\n|-heal|p1a: Annihilape|157\/292 par|[from] drain|[of] p2a: Grimmsnarl\n|faint|p2a: Grimmsnarl\n|\n|-heal|p1a: Annihilape|175\/292 par|[from] item: Leftovers\n|upkeep\n|inactive|lNexl has 120 seconds left.\n|\n|t:|1711947076\n|switch|p2a: Barraskewda|Barraskewda, L81, F|231\/231\n|-activate|p2a: Barraskewda|move: Sticky Web\n|-unboost|p2a: Barraskewda|spe|1\n|turn|30\n|\n|t:|1711947083\n|move|p2a: Barraskewda|Waterfall|p1a: Annihilape\n|-damage|p1a: Annihilape|54\/292 par\n|move|p1a: Annihilape|Rage Fist|p2a: Barraskewda\n|-damage|p2a: Barraskewda|0 fnt\n|faint|p2a: Barraskewda\n|\n|-heal|p1a: Annihilape|72\/292 par|[from] item: Leftovers\n|upkeep\n|\n|t:|1711947093\n|switch|p2a: Seviper|Seviper, L93, F|287\/287\n|-activate|p2a: Seviper|move: Sticky Web\n|-unboost|p2a: Seviper|spe|1\n|turn|31\n|\n|t:|1711947099\n|move|p2a: Seviper|Trailblaze|p1a: Annihilape\n|-damage|p1a: Annihilape|37\/292 par\n|-boost|p2a: Seviper|spe|1\n|move|p1a: Annihilape|Rage Fist|p2a: Seviper\n|-damage|p2a: Seviper|0 fnt\n|faint|p2a: Seviper\n|\n|-heal|p1a: Annihilape|55\/292 par|[from] item: Leftovers\n|upkeep\n|\n|t:|1711947108\n|switch|p2a: Perrserker|Perrserker, L89, M|203\/269\n|-activate|p2a: Perrserker|move: Sticky Web\n|-unboost|p2a: Perrserker|spe|1\n|turn|32\n|\n|t:|1711947119\n|move|p2a: Perrserker|Iron Head|p1a: Annihilape\n|-damage|p1a: Annihilape|0 fnt\n|faint|p1a: Annihilape\n|\n|upkeep\n|\n|t:|1711947123\n|switch|p1a: Hoopa|Hoopa, L85|192\/275\n|-damage|p1a: Hoopa|158\/275|[from] Stealth Rock\n|turn|33\n|\n|t:|1711947128\n|move|p1a: Hoopa|Focus Blast|p2a: Perrserker|[miss]\n|-miss|p1a: Hoopa|p2a: Perrserker\n|move|p2a: Perrserker|Iron Head|p1a: Hoopa\n|-damage|p1a: Hoopa|0 fnt\n|faint|p1a: Hoopa\n|\n|upkeep\n|\n|t:|1711947131\n|switch|p1a: Chansey|Chansey, L85, F|564\/564\n|-damage|p1a: Chansey|494\/564|[from] Stealth Rock\n|turn|34\n|inactive|lNexl has 120 seconds left.\n|\n|t:|1711947142\n|switch|p2a: Shiftry|Shiftry, L89, F|275\/305\n|-activate|p2a: Shiftry|move: Sticky Web\n|-unboost|p2a: Shiftry|spe|1\n|move|p1a: Chansey|Thunder Wave|p2a: Shiftry\n|-status|p2a: Shiftry|par\n|\n|upkeep\n|turn|35\n|\n|t:|1711947150\n|move|p1a: Chansey|Seismic Toss|p2a: Shiftry\n|-damage|p2a: Shiftry|190\/305 par\n|move|p2a: Shiftry|Knock Off|p1a: Chansey\n|-damage|p1a: Chansey|150\/564\n|-enditem|p1a: Chansey|Eviolite|[from] move: Knock Off|[of] p2a: Shiftry\n|-damage|p2a: Shiftry|160\/305 par|[from] item: Life Orb\n|\n|upkeep\n|turn|36\n|\n|t:|1711947161\n|move|p1a: Chansey|Soft-Boiled|p1a: Chansey\n|-heal|p1a: Chansey|432\/564\n|move|p2a: Shiftry|Tailwind|p2a: Shiftry\n|-sidestart|p2: lNexl|move: Tailwind\n|-ability|p2a: Shiftry|Wind Rider|boost\n|-boost|p2a: Shiftry|atk|1\n|\n|upkeep\n|turn|37\n|\n|t:|1711947169\n|move|p1a: Chansey|Seismic Toss|p2a: Shiftry\n|-damage|p2a: Shiftry|75\/305 par\n|move|p2a: Shiftry|Low Kick|p1a: Chansey\n|-supereffective|p1a: Chansey\n|-damage|p1a: Chansey|0 fnt\n|faint|p1a: Chansey\n|-damage|p2a: Shiftry|45\/305 par|[from] item: Life Orb\n|\n|win|lNexl\n|raw|GiveGum's rating: 1309 &rarr; <strong>1292<\/strong><br \/>(-17 for losing)\n|raw|lNexl's rating: 1359 &rarr; <strong>1376<\/strong><br \/>(+17 for winning)\n|l|\u2606GiveGum\n|player|p1|\n","inputlog":">version 6cdde67ed88b47ab6b8ae5717517ae7b5d1ef27b\n>start {\"formatid\":\"gen9randombattle\",\"seed\":[14120,34604,43241,18893],\"rated\":\"Rated battle\"}\n>player p1 {\"name\":\"GiveGum\",\"avatar\":\"1\",\"rating\":1309,\"seed\":[64583,47004,1,25096]}\n>player p2 {\"name\":\"lNexl\",\"avatar\":\"2\",\"rating\":1359,\"seed\":[57082,6299,49980,60265]}\n>p1 move trick\n>p2 move uturn\n>p2 switch 3\n>p1 switch 5\n>p2 move knockoff\n>p1 move roost\n>p2 switch 2\n>p1 move bugbuzz\n>p2 move partingshot\n>p2 switch 4\n>p1 move thunderwave\n>p2 move thunderwave terastallize\n>p1 move roost\n>p2 move earthquake\n>p1 move roost\n>p2 move encore\n>p1 move roost\n>p2 switch 3\n>p1 move roost\n>p2 move stealthrock\n>p1 move roost\n>p2 switch 3\n>p1 move encore\n>p2 move encore\n>p1 move encore\n>p2 move encore\n>p1 move encore\n>p2 move playrough\n>p1 move encore\n>p2 switch 4\n>p1 move bugbuzz\n>p2 move taunt\n>p1 move bugbuzz\n>p2 move spiritbreak\n>p1 move bugbuzz\n>p2 move spiritbreak\n>p1 switch 4\n>p1 move stickyweb\n>p2 move taunt\n>p1 move poisonjab\n>p2 switch 4\n>p1 switch 6\n>p2 move earthquake\n>p1 move freezedry\n>p2 switch 3\n>p1 move yawn\n>p2 move ironhead\n>p1 switch 6\n>p1 move stickyweb\n>p2 move ironhead\n>p1 move toxicspikes\n>p2 move ironhead\n>p1 switch 2\n>p1 move bulkup\n>p2 switch 3\n>p1 move drainpunch\n>p2 move thunderwave\n>p1 move drainpunch\n>p2 move playrough\n>p2 switch 4\n>p1 move taunt\n>p2 move spiritbreak\n>p1 move drainpunch\n>p2 move spiritbreak\n>p2 switch 6\n>p1 move ragefist\n>p2 move waterfall\n>p2 switch 5\n>p1 move ragefist\n>p2 move trailblaze\n>p2 switch 3\n>p1 move drainpunch\n>p2 move ironhead\n>p1 switch 5\n>p1 move focusblast\n>p2 move ironhead\n>p1 switch 3\n>p1 move thunderwave\n>p2 switch 2\n>p1 move seismictoss\n>p2 move knockoff\n>p1 move softboiled\n>p2 move tailwind\n>p1 move seismictoss\n>p2 move lowkick","uploadtime":1711947177,"views":1,"formatid":"gen9randombattle","rating":1292,"private":0,"password":null}