{"id":"gen9randombattle-2093375336","format":"[Gen 9] Random Battle","players":["tynewname","SFatGetBack"],"log":"|j|\u2606tynewname\n|j|\u2606SFatGetBack\n|t:|1711946835\n|gametype|singles\n|player|p1|tynewname|lance|1436\n|player|p2|SFatGetBack|backpacker|1487\n|teamsize|p1|6\n|teamsize|p2|6\n|gen|9\n|tier|[Gen 9] Random Battle\n|rated|\n|rule|Species Clause: Limit one of each Pok\u00e9mon\n|rule|HP Percentage Mod: HP is shown in percentages\n|rule|Sleep Clause Mod: Limit one foe put to sleep\n|rule|Illusion Level Mod: Illusion disguises the Pok\u00e9mon's true level\n|\n|t:|1711946835\n|start\n|switch|p1a: Rotom|Rotom-Frost, L86|226\/226\n|switch|p2a: Giratina|Giratina, L75|349\/349\n|-ability|p2a: Giratina|Pressure\n|turn|1\n|inactive|Battle timer is ON: inactive players will automatically lose when time's up. (requested by tynewname)\n|inactive|SFatGetBack has 120 seconds left.\n|\n|t:|1711946867\n|switch|p2a: Heatran|Heatran, L79, F|273\/273\n|-item|p2a: Heatran|Air Balloon\n|move|p1a: Rotom|Will-O-Wisp|p2a: Heatran\n|-start|p2a: Heatran|ability: Flash Fire\n|\n|upkeep\n|turn|2\n|\n|t:|1711946879\n|move|p1a: Rotom|Volt Switch|p2a: Heatran\n|-damage|p2a: Heatran|194\/273\n|-enditem|p2a: Heatran|Air Balloon\n|\n|t:|1711946886\n|switch|p1a: Carbink|Carbink, L90|236\/236|[from] Volt Switch\n|move|p2a: Heatran|Stealth Rock|p1a: Carbink\n|-sidestart|p1: tynewname|move: Stealth Rock\n|\n|upkeep\n|turn|3\n|\n|t:|1711946894\n|move|p2a: Heatran|Flash Cannon|p1a: Carbink\n|-supereffective|p1a: Carbink\n|-damage|p1a: Carbink|16\/236\n|move|p1a: Carbink|Stealth Rock|p2a: Heatran\n|-sidestart|p2: SFatGetBack|move: Stealth Rock\n|\n|-heal|p1a: Carbink|30\/236|[from] item: Leftovers\n|upkeep\n|turn|4\n|inactive|tynewname has 120 seconds left.\n|\n|t:|1711946930\n|move|p2a: Heatran|Flash Cannon|p1a: Carbink\n|-supereffective|p1a: Carbink\n|-damage|p1a: Carbink|0 fnt\n|faint|p1a: Carbink\n|\n|upkeep\n|\n|t:|1711946934\n|switch|p1a: Ambipom|Ambipom, L84, F|263\/263\n|-damage|p1a: Ambipom|231\/263|[from] Stealth Rock\n|turn|5\n|inactive|SFatGetBack has 120 seconds left.\n|inactive|SFatGetBack has 90 seconds left.\n|\n|t:|1711947007\n|move|p1a: Ambipom|Low Kick|p2a: Heatran\n|-supereffective|p2a: Heatran\n|-damage|p2a: Heatran|0 fnt\n|faint|p2a: Heatran\n|\n|upkeep\n|\n|t:|1711947022\n|switch|p2a: Toucannon|Toucannon, L88, M|284\/284\n|turn|6\n|inactive|SFatGetBack has 60 seconds left.\n|\n|t:|1711947045\n|switch|p1a: Rotom|Rotom-Frost, L86|226\/226\n|-singleturn|p2a: Toucannon|move: Beak Blast\n|move|p2a: Toucannon|Beak Blast|p1a: Rotom\n|-resisted|p1a: Rotom\n|-damage|p1a: Rotom|164\/226\n|\n|upkeep\n|turn|7\n|inactive|SFatGetBack has 60 seconds left.\n|\n|t:|1711947055\n|-terastallize|p2a: Toucannon|Steel\n|move|p1a: Rotom|Will-O-Wisp|p2a: Toucannon|[miss]\n|-miss|p1a: Rotom|p2a: Toucannon\n|move|p2a: Toucannon|Boomburst|p1a: Rotom\n|-damage|p1a: Rotom|55\/226\n|\n|upkeep\n|turn|8\n|\n|t:|1711947064\n|move|p1a: Rotom|Will-O-Wisp|p2a: Toucannon|[miss]\n|-miss|p1a: Rotom|p2a: Toucannon\n|move|p2a: Toucannon|Boomburst|p1a: Rotom\n|-damage|p1a: Rotom|0 fnt\n|faint|p1a: Rotom\n|\n|upkeep\n|inactive|tynewname has 120 seconds left.\n|\n|t:|1711947097\n|switch|p1a: Frosmoth|Frosmoth, L83, F|252\/252\n|turn|9\n|\n|t:|1711947102\n|-terastallize|p1a: Frosmoth|Ground\n|-singleturn|p2a: Toucannon|move: Beak Blast\n|move|p1a: Frosmoth|Quiver Dance|p1a: Frosmoth\n|-boost|p1a: Frosmoth|spa|1\n|-boost|p1a: Frosmoth|spd|1\n|-boost|p1a: Frosmoth|spe|1\n|move|p2a: Toucannon|Beak Blast|p1a: Frosmoth\n|-damage|p1a: Frosmoth|62\/252\n|\n|upkeep\n|turn|10\n|\n|t:|1711947121\n|move|p1a: Frosmoth|Tera Blast|p2a: Toucannon|[anim] Tera Blast Ground\n|-supereffective|p2a: Toucannon\n|-damage|p2a: Toucannon|0 fnt\n|faint|p2a: Toucannon\n|\n|upkeep\n|inactive|SFatGetBack has 60 seconds left.\n|\n|t:|1711947164\n|switch|p2a: Giratina|Giratina, L75|349\/349\n|-damage|p2a: Giratina|306\/349|[from] Stealth Rock\n|-ability|p2a: Giratina|Pressure\n|turn|11\n|\n|t:|1711947170\n|move|p1a: Frosmoth|Ice Beam|p2a: Giratina\n|-supereffective|p2a: Giratina\n|-damage|p2a: Giratina|0 fnt\n|faint|p2a: Giratina\n|\n|upkeep\n|\n|t:|1711947183\n|switch|p2a: Hitmonlee|Hitmonlee, L84, M|221\/221\n|-damage|p2a: Hitmonlee|208\/221|[from] Stealth Rock\n|turn|12\n|\n|t:|1711947190\n|move|p1a: Frosmoth|Bug Buzz|p2a: Hitmonlee\n|-resisted|p2a: Hitmonlee\n|-damage|p2a: Hitmonlee|131\/221\n|move|p2a: Hitmonlee|Close Combat|p1a: Frosmoth\n|-damage|p1a: Frosmoth|0 fnt\n|-unboost|p2a: Hitmonlee|def|1\n|-unboost|p2a: Hitmonlee|spd|1\n|-enditem|p2a: Hitmonlee|White Herb\n|-clearnegativeboost|p2a: Hitmonlee|[silent]\n|faint|p1a: Frosmoth\n|\n|upkeep\n|\n|t:|1711947196\n|switch|p1a: Flapple|Flapple, L88, F|266\/266\n|-damage|p1a: Flapple|233\/266|[from] Stealth Rock\n|turn|13\n|\n|t:|1711947207\n|move|p2a: Hitmonlee|Swords Dance|p2a: Hitmonlee\n|-boost|p2a: Hitmonlee|atk|2\n|move|p1a: Flapple|Grav Apple|p2a: Hitmonlee\n|-damage|p2a: Hitmonlee|0 fnt\n|faint|p2a: Hitmonlee\n|\n|upkeep\n|\n|t:|1711947216\n|switch|p2a: Empoleon|Empoleon, L83, F|275\/275\n|-damage|p2a: Empoleon|258\/275|[from] Stealth Rock\n|turn|14\n|\n|t:|1711947225\n|move|p1a: Flapple|Grav Apple|p2a: Empoleon\n|-crit|p2a: Empoleon\n|-damage|p2a: Empoleon|0 fnt\n|faint|p2a: Empoleon\n|\n|upkeep\n|\n|t:|1711947229\n|switch|p2a: Iron Jugulis|Iron Jugulis, L78|275\/275\n|-damage|p2a: Iron Jugulis|207\/275|[from] Stealth Rock\n|turn|15\n|\n|t:|1711947239\n|move|p2a: Iron Jugulis|Fire Blast|p1a: Flapple\n|-damage|p1a: Flapple|88\/266\n|move|p1a: Flapple|Grav Apple|p2a: Iron Jugulis|[miss]\n|-miss|p1a: Flapple|p2a: Iron Jugulis\n|\n|upkeep\n|turn|16\n|\n|t:|1711947244\n|move|p2a: Iron Jugulis|Fire Blast|p1a: Flapple\n|-damage|p1a: Flapple|0 fnt\n|faint|p1a: Flapple\n|\n|upkeep\n|\n|t:|1711947246\n|switch|p1a: Iron Moth|Iron Moth, L78|253\/253\n|turn|17\n|\n|t:|1711947251\n|move|p1a: Iron Moth|Sludge Wave|p2a: Iron Jugulis\n|-crit|p2a: Iron Jugulis\n|-damage|p2a: Iron Jugulis|0 fnt\n|faint|p2a: Iron Jugulis\n|-end|p2a: Iron Jugulis|Quark Drive|[silent]\n|\n|win|tynewname\n|raw|tynewname's rating: 1436 &rarr; <strong>1459<\/strong><br \/>(+23 for winning)\n|raw|SFatGetBack's rating: 1487 &rarr; <strong>1464<\/strong><br \/>(-23 for losing)\n|c|\u2606tynewname|Gg\n|c|\u2606SFatGetBack|gG\n|l|\u2606SFatGetBack\n|player|p2|\n","inputlog":">version 6cdde67ed88b47ab6b8ae5717517ae7b5d1ef27b\n>start {\"formatid\":\"gen9randombattle\",\"seed\":[20587,12347,10704,24040],\"rated\":\"Rated battle\"}\n>player p1 {\"name\":\"tynewname\",\"avatar\":\"lance\",\"rating\":1436,\"seed\":[13857,39299,25180,18802]}\n>player p2 {\"name\":\"SFatGetBack\",\"avatar\":\"backpacker\",\"rating\":1487,\"seed\":[35690,61569,44216,26110]}\n>p1 move willowisp\n>p2 switch 4\n>p1 move voltswitch\n>p2 move stealthrock\n>p1 switch 6\n>p1 move stealthrock\n>p2 move flashcannon\n>p1 move bodypress\n>p2 move flashcannon\n>p1 switch 5\n>p1 move lowkick\n>p2 move magmastorm\n>p2 switch 2\n>p1 switch 6\n>p2 move beakblast\n>p1 move willowisp\n>p2 move boomburst terastallize\n>p1 move willowisp\n>p2 move boomburst\n>p1 switch 3\n>p1 move quiverdance terastallize\n>p2 move beakblast\n>p1 move terablast\n>p2 move bulletseed\n>p2 switch 4\n>p1 move icebeam\n>p2 move dragontail\n>p2 switch 6\n>p1 move bugbuzz\n>p2 move closecombat\n>p1 switch 2\n>p1 move gravapple\n>p2 move swordsdance\n>p2 switch 5\n>p1 move gravapple\n>p2 move icebeam\n>p2 switch 3\n>p1 move gravapple\n>p2 move fireblast\n>p1 move gravapple\n>p2 move fireblast\n>p1 switch 4\n>p1 move sludgewave\n>p2 move fireblast","uploadtime":1711947252,"views":1,"formatid":"gen9randombattle","rating":1459,"private":0,"password":null}