|j|☆Arcanine Numbers
|j|☆Astinov
|t:|1711946175
|gametype|singles
|player|p1|Arcanine Numbers|ethan-masters|2252
|player|p2|Astinov|2|2251
|teamsize|p1|6
|teamsize|p2|6
|gen|9
|tier|[Gen 9] Random Battle
|rated|
|rule|Species Clause: Limit one of each Pokémon
|rule|HP Percentage Mod: HP is shown in percentages
|rule|Sleep Clause Mod: Limit one foe put to sleep
|rule|Illusion Level Mod: Illusion disguises the Pokémon's true level
|
|t:|1711946175
|start
|switch|p1a: Galvantula|Galvantula, L82, F|249/249
|switch|p2a: Toxicroak|Toxicroak, L84, M|277/277
|turn|1
|inactive|Battle timer is ON: inactive players will automatically lose when time's up. (requested by Arcanine Numbers)
|
|t:|1711946191
|move|p1a: Galvantula|Thunder|p2a: Toxicroak
|-damage|p2a: Toxicroak|141/277
|move|p2a: Toxicroak|Gunk Shot|p1a: Galvantula
|-damage|p1a: Galvantula|29/249
|-damage|p2a: Toxicroak|114/277|[from] item: Life Orb
|
|upkeep
|turn|2
|
|t:|1711946206
|switch|p2a: Tinkaton|Tinkaton, L82, F|274/274
|-ability|p2a: Tinkaton|Mold Breaker
|move|p1a: Galvantula|Sticky Web|p2a: Tinkaton
|-sidestart|p2: Astinov|move: Sticky Web
|
|upkeep
|turn|3
|
|t:|1711946213
|move|p1a: Galvantula|Thunder|p2a: Tinkaton
|-damage|p2a: Tinkaton|180/274
|move|p2a: Tinkaton|Knock Off|p1a: Galvantula
|-crit|p1a: Galvantula
|-damage|p1a: Galvantula|0 fnt
|-enditem|p1a: Galvantula|Focus Sash|[from] move: Knock Off|[of] p2a: Tinkaton
|faint|p1a: Galvantula
|-damage|p2a: Tinkaton|153/274|[from] item: Life Orb
|
|upkeep
|
|t:|1711946220
|switch|p1a: Gyarados|Gyarados, L79, F|280/280
|-ability|p1a: Gyarados|Intimidate|boost
|-unboost|p2a: Tinkaton|atk|1
|turn|4
|
|t:|1711946235
|switch|p2a: Mightyena|Mightyena, L95, F|287/287
|-activate|p2a: Mightyena|move: Sticky Web
|-unboost|p2a: Mightyena|spe|1
|-ability|p2a: Mightyena|Intimidate|boost
|-unboost|p1a: Gyarados|atk|1
|move|p1a: Gyarados|Dragon Dance|p1a: Gyarados
|-boost|p1a: Gyarados|atk|1
|-boost|p1a: Gyarados|spe|1
|
|upkeep
|turn|5
|
|t:|1711946246
|move|p1a: Gyarados|Waterfall|p2a: Mightyena
|-damage|p2a: Mightyena|190/287
|move|p2a: Mightyena|Throat Chop|p1a: Gyarados
|-damage|p1a: Gyarados|124/280
|-start|p1a: Gyarados|Throat Chop|[silent]
|-damage|p2a: Mightyena|162/287|[from] item: Life Orb
|
|upkeep
|turn|6
|
|t:|1711946251
|switch|p1a: Quaquaval|Quaquaval, L79, M|264/264
|move|p2a: Mightyena|Throat Chop|p1a: Quaquaval
|-resisted|p1a: Quaquaval
|-damage|p1a: Quaquaval|183/264
|-start|p1a: Quaquaval|Throat Chop|[silent]
|-damage|p2a: Mightyena|134/287|[from] item: Life Orb
|
|upkeep
|turn|7
|
|t:|1711946256
|switch|p2a: Vespiquen|Vespiquen, L98, F|296/296
|-ability|p2a: Vespiquen|Pressure
|move|p1a: Quaquaval|Close Combat|p2a: Vespiquen
|-resisted|p2a: Vespiquen
|-crit|p2a: Vespiquen
|-damage|p2a: Vespiquen|245/296
|-unboost|p1a: Quaquaval|def|1
|-unboost|p1a: Quaquaval|spd|1
|-damage|p1a: Quaquaval|157/264|[from] item: Life Orb
|
|-end|p1a: Quaquaval|Throat Chop|[silent]
|upkeep
|turn|8
|
|t:|1711946279
|switch|p1a: Scream Tail|Scream Tail, L84|330/330
|move|p2a: Vespiquen|Spikes|p1a: Scream Tail
|-sidestart|p1: Arcanine Numbers|Spikes
|
|upkeep
|turn|9
|
|t:|1711946290
|move|p1a: Scream Tail|Thunder Wave|p2a: Vespiquen
|-status|p2a: Vespiquen|par
|move|p2a: Vespiquen|Toxic Spikes|p1a: Scream Tail
|-sidestart|p1: Arcanine Numbers|move: Toxic Spikes
|
|upkeep
|turn|10
|
|t:|1711946308
|-terastallize|p1a: Scream Tail|Poison
|move|p1a: Scream Tail|Wish|p1a: Scream Tail
|move|p2a: Vespiquen|Toxic Spikes|p1a: Scream Tail
|-sidestart|p1: Arcanine Numbers|move: Toxic Spikes
|
|upkeep
|turn|11
|
|t:|1711946316
|-end|p1a: Scream Tail|Protosynthesis|[silent]
|switch|p1a: Gyarados|Gyarados, L79, F|124/280
|-ability|p1a: Gyarados|Intimidate|boost
|-unboost|p2a: Vespiquen|atk|1
|move|p2a: Vespiquen|Hurricane|p1a: Gyarados
|-damage|p1a: Gyarados|3/280
|
|-heal|p1a: Gyarados|168/280|[from] move: Wish|[wisher] Scream Tail
|upkeep
|turn|12
|
|t:|1711946331
|switch|p2a: Mightyena|Mightyena, L95, F|134/287
|-activate|p2a: Mightyena|move: Sticky Web
|-unboost|p2a: Mightyena|spe|1
|-ability|p2a: Mightyena|Intimidate|boost
|-unboost|p1a: Gyarados|atk|1
|move|p1a: Gyarados|Dragon Dance|p1a: Gyarados
|-boost|p1a: Gyarados|atk|1
|-boost|p1a: Gyarados|spe|1
|
|upkeep
|turn|13
|
|t:|1711946347
|move|p1a: Gyarados|Waterfall|p2a: Mightyena
|-crit|p2a: Mightyena
|-damage|p2a: Mightyena|1/287
|cant|p2a: Mightyena|flinch
|
|upkeep
|turn|14
|
|t:|1711946351
|move|p2a: Mightyena|Sucker Punch||[still]
|-fail|p2a: Mightyena
|move|p1a: Gyarados|Dragon Dance|p1a: Gyarados
|-boost|p1a: Gyarados|atk|1
|-boost|p1a: Gyarados|spe|1
|
|upkeep
|turn|15
|
|t:|1711946354
|move|p2a: Mightyena|Sucker Punch|p1a: Gyarados
|-damage|p1a: Gyarados|24/280
|-damage|p2a: Mightyena|0 fnt|[from] item: Life Orb
|faint|p2a: Mightyena
|move|p1a: Gyarados|Waterfall|p2: Mightyena|[notarget]
|-fail|p1a: Gyarados
|
|upkeep
|
|t:|1711946369
|switch|p2a: Ambipom|Ambipom, L84, M|263/263
|-activate|p2a: Ambipom|move: Sticky Web
|-unboost|p2a: Ambipom|spe|1
|turn|16
|
|t:|1711946382
|switch|p1a: Scream Tail|Scream Tail, L84, tera:Poison|330/330
|-damage|p1a: Scream Tail|289/330|[from] Spikes
|-sideend|p1: Arcanine Numbers|move: Toxic Spikes|[of] p1a: Scream Tail
|switch|p2a: Tinkaton|Tinkaton, L82, F|153/274
|-activate|p2a: Tinkaton|move: Sticky Web
|-unboost|p2a: Tinkaton|spe|1
|-ability|p2a: Tinkaton|Mold Breaker
|
|-heal|p1a: Scream Tail|309/330|[from] item: Leftovers
|upkeep
|turn|17
|
|t:|1711946390
|move|p1a: Scream Tail|Thunder Wave|p2a: Tinkaton
|-status|p2a: Tinkaton|par
|move|p2a: Tinkaton|Knock Off|p1a: Scream Tail
|-damage|p1a: Scream Tail|241/330
|-enditem|p1a: Scream Tail|Leftovers|[from] move: Knock Off|[of] p2a: Tinkaton
|-damage|p2a: Tinkaton|126/274 par|[from] item: Life Orb
|
|upkeep
|turn|18
|
|t:|1711946401
|switch|p2a: Vespiquen|Vespiquen, L98, F|245/296 par
|-ability|p2a: Vespiquen|Pressure
|move|p1a: Scream Tail|Wish|p1a: Scream Tail
|
|upkeep
|turn|19
|
|t:|1711946409
|-end|p1a: Scream Tail|Protosynthesis|[silent]
|switch|p1a: Gyarados|Gyarados, L79, F|24/280
|-ability|p1a: Gyarados|Intimidate|boost
|-unboost|p2a: Vespiquen|atk|1
|cant|p2a: Vespiquen|par
|
|-heal|p1a: Gyarados|189/280|[from] move: Wish|[wisher] Scream Tail
|upkeep
|turn|20
|
|t:|1711946415
|move|p1a: Gyarados|Dragon Dance|p1a: Gyarados
|-boost|p1a: Gyarados|atk|1
|-boost|p1a: Gyarados|spe|1
|move|p2a: Vespiquen|Hurricane|p1a: Gyarados
|-damage|p1a: Gyarados|66/280
|
|upkeep
|turn|21
|
|t:|1711946428
|move|p1a: Gyarados|Temper Flare|p2a: Vespiquen
|-supereffective|p2a: Vespiquen
|-damage|p2a: Vespiquen|109/296 par
|move|p2a: Vespiquen|Hurricane|p1a: Gyarados
|-damage|p1a: Gyarados|0 fnt
|faint|p1a: Gyarados
|
|upkeep
|
|t:|1711946438
|switch|p1a: Quaquaval|Quaquaval, L79, M|157/264
|-damage|p1a: Quaquaval|124/264|[from] Spikes
|turn|22
|inactive|Astinov has 120 seconds left.
|
|t:|1711946470
|switch|p2a: Toxicroak|Toxicroak, L84, M|114/277
|-activate|p2a: Toxicroak|move: Sticky Web
|-unboost|p2a: Toxicroak|spe|1
|move|p1a: Quaquaval|Knock Off|p2a: Toxicroak
|-resisted|p2a: Toxicroak
|-damage|p2a: Toxicroak|54/277
|-enditem|p2a: Toxicroak|Life Orb|[from] move: Knock Off|[of] p1a: Quaquaval
|-damage|p1a: Quaquaval|98/264|[from] item: Life Orb
|
|upkeep
|turn|23
|
|t:|1711946479
|move|p1a: Quaquaval|Roost|p1a: Quaquaval
|-heal|p1a: Quaquaval|230/264
|-singleturn|p1a: Quaquaval|move: Roost
|move|p2a: Toxicroak|Close Combat|p1a: Quaquaval
|-damage|p1a: Quaquaval|62/264
|-unboost|p2a: Toxicroak|def|1
|-unboost|p2a: Toxicroak|spd|1
|
|upkeep
|turn|24
|
|t:|1711946485
|move|p1a: Quaquaval|Knock Off|p2a: Toxicroak
|-resisted|p2a: Toxicroak
|-damage|p2a: Toxicroak|0 fnt
|faint|p2a: Toxicroak
|-ability|p1a: Quaquaval|Moxie|boost
|-boost|p1a: Quaquaval|atk|1
|-damage|p1a: Quaquaval|36/264|[from] item: Life Orb
|
|upkeep
|inactive|Astinov has 120 seconds left.
|
|t:|1711946522
|switch|p2a: Ambipom|Ambipom, L84, M|263/263
|-activate|p2a: Ambipom|move: Sticky Web
|-unboost|p2a: Ambipom|spe|1
|turn|25
|
|t:|1711946527
|switch|p2a: Vespiquen|Vespiquen, L98, F|109/296 par
|-ability|p2a: Vespiquen|Pressure
|move|p1a: Quaquaval|Close Combat|p2a: Vespiquen
|-resisted|p2a: Vespiquen
|-damage|p2a: Vespiquen|57/296 par
|-unboost|p1a: Quaquaval|def|1
|-unboost|p1a: Quaquaval|spd|1
|-damage|p1a: Quaquaval|10/264|[from] item: Life Orb
|
|upkeep
|turn|26
|
|t:|1711946531
|move|p1a: Quaquaval|Roost|p1a: Quaquaval
|-heal|p1a: Quaquaval|142/264
|-singleturn|p1a: Quaquaval|move: Roost
|move|p2a: Vespiquen|Hurricane|p1a: Quaquaval
|-supereffective|p1a: Quaquaval
|-damage|p1a: Quaquaval|0 fnt
|faint|p1a: Quaquaval
|
|upkeep
|
|t:|1711946538
|switch|p1a: Shaymin|Shaymin, L83|302/302
|-damage|p1a: Shaymin|265/302|[from] Spikes
|turn|27
|inactive|Astinov has 120 seconds left.
|
|t:|1711946587
|-terastallize|p2a: Vespiquen|Steel
|move|p1a: Shaymin|Air Slash|p2a: Vespiquen
|-resisted|p2a: Vespiquen
|-damage|p2a: Vespiquen|37/296 par
|move|p2a: Vespiquen|Roost|p2a: Vespiquen
|-heal|p2a: Vespiquen|185/296 par
|
|-heal|p1a: Shaymin|283/302|[from] item: Leftovers
|upkeep
|turn|28
|
|t:|1711946601
|move|p1a: Shaymin|Leech Seed|p2a: Vespiquen
|-start|p2a: Vespiquen|move: Leech Seed
|move|p2a: Vespiquen|Roost|p2a: Vespiquen
|-heal|p2a: Vespiquen|296/296 par
|
|-heal|p1a: Shaymin|301/302|[from] item: Leftovers
|-damage|p2a: Vespiquen|259/296 par|[from] Leech Seed|[of] p1a: Shaymin
|-heal|p1a: Shaymin|302/302|[silent]
|upkeep
|turn|29
|inactive|Astinov has 90 seconds left.
|
|t:|1711946622
|switch|p2a: Tinkaton|Tinkaton, L82, F|126/274 par
|-activate|p2a: Tinkaton|move: Sticky Web
|-unboost|p2a: Tinkaton|spe|1
|-ability|p2a: Tinkaton|Mold Breaker
|move|p1a: Shaymin|Substitute|p1a: Shaymin
|-start|p1a: Shaymin|Substitute
|-damage|p1a: Shaymin|227/302
|
|-heal|p1a: Shaymin|245/302|[from] item: Leftovers
|upkeep
|turn|30
|
|t:|1711946633
|move|p1a: Shaymin|Leech Seed|p2a: Tinkaton
|-start|p2a: Tinkaton|move: Leech Seed
|move|p2a: Tinkaton|Gigaton Hammer|p1a: Shaymin
|-end|p1a: Shaymin|Substitute
|-damage|p2a: Tinkaton|99/274 par|[from] item: Life Orb
|
|-heal|p1a: Shaymin|263/302|[from] item: Leftovers
|-damage|p2a: Tinkaton|65/274 par|[from] Leech Seed|[of] p1a: Shaymin
|-heal|p1a: Shaymin|297/302|[silent]
|upkeep
|turn|31
|inactive|Astinov has 90 seconds left.
|
|t:|1711946655
|switch|p2a: Smeargle|Smeargle, L91, M|248/248
|-activate|p2a: Smeargle|move: Sticky Web
|-unboost|p2a: Smeargle|spe|1
|move|p1a: Shaymin|Seed Flare|p2a: Smeargle|[miss]
|-miss|p1a: Shaymin|p2a: Smeargle
|
|-heal|p1a: Shaymin|302/302|[from] item: Leftovers
|upkeep
|turn|32
|inactive|Astinov has 90 seconds left.
|
|t:|1711946662
|move|p1a: Shaymin|Air Slash|p2a: Smeargle|[miss]
|-miss|p1a: Shaymin|p2a: Smeargle
|move|p2a: Smeargle|Whirlwind|p1a: Shaymin
|drag|p1a: Gallade|Gallade, L82, M|246/246
|-damage|p1a: Gallade|216/246|[from] Spikes
|
|upkeep
|turn|33
|c|☆Arcanine Numbers|naw
|c|☆Arcanine Numbers|lol
|c| 2lodsire|Arcanine
|inactive|Astinov has 90 seconds left.
|c|☆Arcanine Numbers|hi flod
|c| 2lodsire|Ima stream snipe you
|
|t:|1711946679
|switch|p1a: Shaymin|Shaymin, L83|302/302
|-damage|p1a: Shaymin|265/302|[from] Spikes
|move|p2a: Smeargle|Sticky Web|p1a: Shaymin
|-sidestart|p1: Arcanine Numbers|move: Sticky Web
|
|-heal|p1a: Shaymin|283/302|[from] item: Leftovers
|upkeep
|turn|34
|c|☆Arcanine Numbers|no chance ur 2200
|inactive|Astinov has 90 seconds left.
|c| 2lodsire|Well, help this person stream snipe you
|c|☆Arcanine Numbers|what if...
|inactive|Astinov has 60 seconds left.
|
|t:|1711946723
|move|p1a: Shaymin|Seed Flare|p2a: Smeargle
|-damage|p2a: Smeargle|64/248
|-unboost|p2a: Smeargle|spd|2
|move|p2a: Smeargle|Ceaseless Edge|p1a: Shaymin
|-crit|p1a: Shaymin
|-damage|p1a: Shaymin|251/302
|-sidestart|p1: Arcanine Numbers|Spikes
|
|-heal|p1a: Shaymin|269/302|[from] item: Leftovers
|upkeep
|turn|35
|
|t:|1711946733
|move|p1a: Shaymin|Air Slash|p2a: Smeargle
|-damage|p2a: Smeargle|0 fnt
|faint|p2a: Smeargle
|
|-heal|p1a: Shaymin|287/302|[from] item: Leftovers
|upkeep
|
|t:|1711946736
|switch|p2a: Ambipom|Ambipom, L84, M|263/263
|-activate|p2a: Ambipom|move: Sticky Web
|-unboost|p2a: Ambipom|spe|1
|turn|36
|
|t:|1711946750
|move|p1a: Shaymin|Seed Flare|p2a: Ambipom
|-damage|p2a: Ambipom|116/263
|-unboost|p2a: Ambipom|spd|2
|move|p2a: Ambipom|U-turn|p1a: Shaymin
|-supereffective|p1a: Shaymin
|-damage|p1a: Shaymin|155/302
|c| 2lodsire|What if what
|
|t:|1711946762
|switch|p2a: Vespiquen|Vespiquen, L98, F, tera:Steel|259/296 par|[from] U-turn
|-ability|p2a: Vespiquen|Pressure
|
|-heal|p1a: Shaymin|173/302|[from] item: Leftovers
|upkeep
|turn|37
|c|☆Arcanine Numbers|i left the cal...
|
|t:|1711946771
|move|p1a: Shaymin|Substitute|p1a: Shaymin
|-start|p1a: Shaymin|Substitute
|-damage|p1a: Shaymin|98/302
|cant|p2a: Vespiquen|par
|
|-heal|p1a: Shaymin|116/302|[from] item: Leftovers
|upkeep
|turn|38
|c| 2lodsire|L
|c| 2lodsire|is this a game theory?
|
|t:|1711946781
|move|p1a: Shaymin|Leech Seed|p2a: Vespiquen
|-start|p2a: Vespiquen|move: Leech Seed
|cant|p2a: Vespiquen|par
|
|-heal|p1a: Shaymin|134/302|[from] item: Leftovers
|-damage|p2a: Vespiquen|222/296 par|[from] Leech Seed|[of] p1a: Shaymin
|-heal|p1a: Shaymin|171/302|[silent]
|upkeep
|turn|39
|c|☆Arcanine Numbers|wdym
|
|t:|1711946789
|move|p1a: Shaymin|Seed Flare|p2a: Vespiquen
|-resisted|p2a: Vespiquen
|-damage|p2a: Vespiquen|173/296 par
|-unboost|p2a: Vespiquen|spd|2
|move|p2a: Vespiquen|Spikes|p1a: Shaymin
|-sidestart|p1: Arcanine Numbers|Spikes
|
|-heal|p1a: Shaymin|189/302|[from] item: Leftovers
|-damage|p2a: Vespiquen|136/296 par|[from] Leech Seed|[of] p1a: Shaymin
|-heal|p1a: Shaymin|226/302|[silent]
|upkeep
|turn|40
|
|t:|1711946794
|switch|p2a: Tinkaton|Tinkaton, L82, F|65/274 par
|-activate|p2a: Tinkaton|move: Sticky Web
|-unboost|p2a: Tinkaton|spe|1
|-ability|p2a: Tinkaton|Mold Breaker
|move|p1a: Shaymin|Seed Flare|p2a: Tinkaton
|-resisted|p2a: Tinkaton
|-damage|p2a: Tinkaton|7/274 par
|
|-heal|p1a: Shaymin|244/302|[from] item: Leftovers
|upkeep
|turn|41
|c| 2lodsire|You said what if
|c| 2lodsire|what if what
|
|t:|1711946801
|move|p1a: Shaymin|Air Slash|p2a: Tinkaton
|-resisted|p2a: Tinkaton
|-damage|p2a: Tinkaton|0 fnt
|faint|p2a: Tinkaton
|
|-heal|p1a: Shaymin|262/302|[from] item: Leftovers
|upkeep
|
|t:|1711946803
|switch|p2a: Vespiquen|Vespiquen, L98, F, tera:Steel|136/296 par
|-ability|p2a: Vespiquen|Pressure
|turn|42
|c|☆Arcanine Numbers|what if i left the call, then how would u stream snipe
|
|t:|1711946817
|move|p1a: Shaymin|Leech Seed|p2a: Vespiquen
|-start|p2a: Vespiquen|move: Leech Seed
|move|p2a: Vespiquen|Roost|p2a: Vespiquen
|-heal|p2a: Vespiquen|284/296 par
|
|-heal|p1a: Shaymin|280/302|[from] item: Leftovers
|-damage|p2a: Vespiquen|247/296 par|[from] Leech Seed|[of] p1a: Shaymin
|-heal|p1a: Shaymin|302/302|[silent]
|upkeep
|turn|43
|inactive|Astinov has 120 seconds left.
|c| 2lodsire|Meanie head
|c|☆Arcanine Numbers|sure...
|
|t:|1711946849
|switch|p1a: Scream Tail|Scream Tail, L84, tera:Poison|241/330
|-damage|p1a: Scream Tail|159/330|[from] Spikes
|-activate|p1a: Scream Tail|move: Sticky Web
|-unboost|p1a: Scream Tail|spe|1
|move|p2a: Vespiquen|Hurricane|p1a: Scream Tail|[miss]
|-miss|p2a: Vespiquen|p1a: Scream Tail
|
|-damage|p2a: Vespiquen|210/296 par|[from] Leech Seed|[of] p1a: Scream Tail
|-heal|p1a: Scream Tail|196/330|[silent]
|upkeep
|turn|44
|
|t:|1711946867
|switch|p2a: Ambipom|Ambipom, L84, M|116/263
|-activate|p2a: Ambipom|move: Sticky Web
|-unboost|p2a: Ambipom|spe|1
|move|p1a: Scream Tail|Wish|p1a: Scream Tail
|
|upkeep
|turn|45
|
|t:|1711946877
|move|p2a: Ambipom|Double-Edge|p1a: Scream Tail
|-damage|p1a: Scream Tail|4/330
|-damage|p2a: Ambipom|53/263|[from] Recoil
|move|p1a: Scream Tail|Dazzling Gleam|p2a: Ambipom
|-damage|p2a: Ambipom|0 fnt
|faint|p2a: Ambipom
|
|-heal|p1a: Scream Tail|169/330|[from] move: Wish|[wisher] Scream Tail
|upkeep
|
|t:|1711946882
|switch|p2a: Vespiquen|Vespiquen, L98, F, tera:Steel|210/296 par
|-ability|p2a: Vespiquen|Pressure
|turn|46
|c|☆Arcanine Numbers|gg
|
|t:|1711946900
|move|p1a: Scream Tail|Wish|p1a: Scream Tail
|move|p2a: Vespiquen|Hurricane|p1a: Scream Tail
|-damage|p1a: Scream Tail|49/330
|
|upkeep
|turn|47
|
|t:|1711946913
|move|p1a: Scream Tail|Protect|p1a: Scream Tail
|-singleturn|p1a: Scream Tail|Protect
|move|p2a: Vespiquen|Toxic Spikes|p1a: Scream Tail
|-sidestart|p1: Arcanine Numbers|move: Toxic Spikes
|
|-heal|p1a: Scream Tail|214/330|[from] move: Wish|[wisher] Scream Tail
|upkeep
|turn|48
|
|t:|1711946918
|move|p1a: Scream Tail|Wish|p1a: Scream Tail
|move|p2a: Vespiquen|Toxic Spikes|p1a: Scream Tail
|-sidestart|p1: Arcanine Numbers|move: Toxic Spikes
|
|upkeep
|turn|49
|
|t:|1711946926
|move|p1a: Scream Tail|Protect|p1a: Scream Tail
|-singleturn|p1a: Scream Tail|Protect
|cant|p2a: Vespiquen|par
|
|-heal|p1a: Scream Tail|330/330|[from] move: Wish|[wisher] Scream Tail
|upkeep
|turn|50
|
|t:|1711946929
|move|p1a: Scream Tail|Wish|p1a: Scream Tail
|move|p2a: Vespiquen|Toxic Spikes||[still]
|-fail|p2a: Vespiquen
|
|upkeep
|turn|51
|
|t:|1711946934
|move|p1a: Scream Tail|Thunder Wave|p2a: Vespiquen|[miss]
|-miss|p1a: Scream Tail|p2a: Vespiquen
|move|p2a: Vespiquen|Roost|p2a: Vespiquen
|-heal|p2a: Vespiquen|296/296 par
|
|upkeep
|turn|52
|c|☆Astinov|is your gallade banded?
|c|☆Arcanine Numbers|no
|inactive|Astinov has 120 seconds left.
|c|☆Arcanine Numbers|Lvl 82 85 Atk Life Orb Sharpness Gallade Sacred Sword (135 BP) vs. Lvl 98 85 HP / 85 Def Tera Steel Vespiquen: 304-359 (102.7 - 121.2%) -- guaranteed OHKO
|c|☆Astinov|ah yeah ok gg
|-message|Astinov forfeited.
|
|win|Arcanine Numbers
|raw|Arcanine Numbers's rating: 2252 &rarr; <strong>2273</strong><br />(+21 for winning)
|raw|Astinov's rating: 2266 &rarr; <strong>2245</strong><br />(-21 for losing)
|l|☆Astinov
|player|p2|
