{"id":"gen9randombattle-2093373335","format":"[Gen 9] Random Battle","players":["discountedpokeball","gerdhard"],"log":"|j|\u2606discountedpokeball\n|j|\u2606gerdhard\n|t:|1711946499\n|gametype|singles\n|player|p1|discountedpokeball|waitress-gen4|1182\n|player|p2|gerdhard|169|1222\n|teamsize|p1|6\n|teamsize|p2|6\n|gen|9\n|tier|[Gen 9] Random Battle\n|rated|\n|rule|Species Clause: Limit one of each Pok\u00e9mon\n|rule|HP Percentage Mod: HP is shown in percentages\n|rule|Sleep Clause Mod: Limit one foe put to sleep\n|rule|Illusion Level Mod: Illusion disguises the Pok\u00e9mon's true level\n|\n|t:|1711946499\n|start\n|switch|p1a: Dudunsparce|Dudunsparce-Three-Segment, L82, F|339\/339\n|switch|p2a: Arceus|Arceus-Psychic, L69|280\/280\n|turn|1\n|inactive|Battle timer is ON: inactive players will automatically lose when time's up. (requested by discountedpokeball)\n|inactive|gerdhard has 120 seconds left.\n|\n|t:|1711946534\n|move|p2a: Arceus|Cosmic Power|p2a: Arceus\n|-boost|p2a: Arceus|def|1\n|-boost|p2a: Arceus|spd|1\n|move|p1a: Dudunsparce|Glare|p2a: Arceus\n|-status|p2a: Arceus|par\n|\n|upkeep\n|turn|2\n|\n|t:|1711946549\n|move|p1a: Dudunsparce|Headbutt|p2a: Arceus\n|-damage|p2a: Arceus|231\/280 par\n|cant|p2a: Arceus|flinch\n|\n|upkeep\n|turn|3\n|\n|t:|1711946555\n|move|p1a: Dudunsparce|Headbutt|p2a: Arceus\n|-damage|p2a: Arceus|185\/280 par\n|cant|p2a: Arceus|flinch\n|\n|upkeep\n|turn|4\n|\n|t:|1711946561\n|move|p1a: Dudunsparce|Headbutt|p2a: Arceus\n|-damage|p2a: Arceus|143\/280 par\n|cant|p2a: Arceus|flinch\n|\n|upkeep\n|turn|5\n|\n|t:|1711946567\n|move|p1a: Dudunsparce|Headbutt|p2a: Arceus\n|-damage|p2a: Arceus|95\/280 par\n|cant|p2a: Arceus|flinch\n|\n|upkeep\n|turn|6\n|\n|t:|1711946574\n|move|p1a: Dudunsparce|Headbutt|p2a: Arceus\n|-damage|p2a: Arceus|50\/280 par\n|move|p2a: Arceus|Recover|p2a: Arceus\n|-heal|p2a: Arceus|190\/280 par\n|\n|upkeep\n|turn|7\n|\n|t:|1711946583\n|move|p1a: Dudunsparce|Headbutt|p2a: Arceus\n|-damage|p2a: Arceus|145\/280 par\n|cant|p2a: Arceus|flinch\n|\n|upkeep\n|turn|8\n|\n|t:|1711946588\n|move|p1a: Dudunsparce|Headbutt|p2a: Arceus\n|-damage|p2a: Arceus|97\/280 par\n|cant|p2a: Arceus|par\n|\n|upkeep\n|turn|9\n|\n|t:|1711946594\n|move|p1a: Dudunsparce|Headbutt|p2a: Arceus\n|-damage|p2a: Arceus|54\/280 par\n|cant|p2a: Arceus|flinch\n|\n|upkeep\n|turn|10\n|\n|t:|1711946602\n|move|p1a: Dudunsparce|Headbutt|p2a: Arceus\n|-crit|p2a: Arceus\n|-damage|p2a: Arceus|0 fnt\n|faint|p2a: Arceus\n|\n|upkeep\n|\n|t:|1711946609\n|switch|p2a: Grimmsnarl|Grimmsnarl, L83, M|293\/293\n|turn|11\n|\n|t:|1711946619\n|switch|p1a: Heatran|Heatran, L79, F|273\/273\n|-item|p1a: Heatran|Air Balloon\n|move|p2a: Grimmsnarl|Thunder Wave|p1a: Heatran\n|-status|p1a: Heatran|par\n|\n|upkeep\n|turn|12\n|\n|t:|1711946634\n|switch|p2a: Cramorant|Cramorant, L86, F|261\/261\n|move|p1a: Heatran|Stealth Rock|p2a: Cramorant\n|-sidestart|p2: gerdhard|move: Stealth Rock\n|\n|upkeep\n|turn|13\n|inactive|discountedpokeball has 120 seconds left.\n|\n|t:|1711946666\n|switch|p1a: Palossand|Palossand, L88, F|293\/293\n|move|p2a: Cramorant|Surf|p1a: Palossand\n|-formechange|p2a: Cramorant|Cramorant-Gulping|\n|-supereffective|p1a: Palossand\n|-damage|p1a: Palossand|89\/293\n|-ability|p1a: Palossand|Water Compaction|boost\n|-boost|p1a: Palossand|def|2\n|\n|-heal|p1a: Palossand|107\/293|[from] item: Leftovers\n|upkeep\n|turn|14\n|inactive|discountedpokeball has 120 seconds left.\n|\n|t:|1711946677\n|move|p2a: Cramorant|Surf|p1a: Palossand\n|-supereffective|p1a: Palossand\n|-damage|p1a: Palossand|0 fnt\n|faint|p1a: Palossand\n|\n|upkeep\n|inactive|discountedpokeball has 120 seconds left.\n|\n|t:|1711946687\n|switch|p1a: Torterra|Torterra, L79, M|280\/280\n|turn|15\n|inactive|discountedpokeball has 120 seconds left.\n|l|\u2606gerdhard\n|inactive|gerdhard disconnected and has a minute to reconnect!\n|player|p2|\n|inactive|gerdhard has 30 seconds to reconnect!\n|inactive|gerdhard has 20 seconds to reconnect!\n|inactive|gerdhard has 15 seconds to reconnect!\n|inactive|gerdhard has 10 seconds to reconnect!\n|inactive|gerdhard has 5 seconds to reconnect!\n|j|\u2606gerdhard\n|inactive|gerdhard reconnected and has 75 seconds left.\n|player|p2|gerdhard|169\n|\n|t:|1711946772\n|switch|p2a: Dipplin|Dipplin, L88, M|284\/284\n|-damage|p2a: Dipplin|249\/284|[from] Stealth Rock\n|switch|p1a: Heatran|Heatran, L79, F|273\/273 par\n|-item|p1a: Heatran|Air Balloon\n|\n|upkeep\n|turn|16\n|inactive|gerdhard has 60 seconds left.\n|\n|t:|1711946799\n|switch|p2a: Diancie|Diancie, L82|216\/216\n|-damage|p2a: Diancie|189\/216|[from] Stealth Rock\n|move|p1a: Heatran|Magma Storm|p2a: Diancie\n|-resisted|p2a: Diancie\n|-damage|p2a: Diancie|150\/216\n|-activate|p2a: Diancie|move: Magma Storm|[of] p1a: Heatran\n|\n|-heal|p2a: Diancie|163\/216|[from] item: Leftovers\n|-damage|p2a: Diancie|136\/216|[from] move: Magma Storm|[partiallytrapped]\n|upkeep\n|turn|17\n|\n|t:|1711946819\n|move|p2a: Diancie|Earth Power|p1a: Heatran\n|-immune|p1a: Heatran\n|move|p1a: Heatran|Flash Cannon|p2a: Diancie\n|-supereffective|p2a: Diancie\n|-damage|p2a: Diancie|0 fnt\n|faint|p2a: Diancie\n|\n|upkeep\n|\n|t:|1711946832\n|switch|p2a: Cramorant|Cramorant, L86, F|261\/261\n|turn|18\n|\n|t:|1711946837\n|move|p2a: Cramorant|Surf|p1a: Heatran\n|-formechange|p2a: Cramorant|Cramorant-Gulping|\n|-supereffective|p1a: Heatran\n|-damage|p1a: Heatran|103\/273 par\n|-enditem|p1a: Heatran|Air Balloon\n|move|p1a: Heatran|Magma Storm|p2a: Cramorant\n|-resisted|p2a: Cramorant\n|-damage|p2a: Cramorant|208\/261\n|-activate|p2a: Cramorant|move: Magma Storm|[of] p1a: Heatran\n|-damage|p1a: Heatran|35\/273 par|[from] ability: Gulp Missile|[of] p2a: Cramorant\n|-unboost|p1a: Heatran|def|1\n|-formechange|p2a: Cramorant|Cramorant|\n|\n|-damage|p2a: Cramorant|176\/261|[from] move: Magma Storm|[partiallytrapped]\n|upkeep\n|turn|19\n|\n|t:|1711946852\n|move|p2a: Cramorant|Surf|p1a: Heatran\n|-formechange|p2a: Cramorant|Cramorant-Gulping|\n|-supereffective|p1a: Heatran\n|-damage|p1a: Heatran|0 fnt\n|faint|p1a: Heatran\n|\n|-end|p2a: Cramorant|Magma Storm|[partiallytrapped]|[silent]\n|upkeep\n|inactive|discountedpokeball has 120 seconds left.\n|\n|t:|1711946879\n|switch|p1a: Torterra|Torterra, L79, M|280\/280\n|turn|20\n|inactive|discountedpokeball has 120 seconds left.\n|inactive|gerdhard has 60 seconds left.\n|\n|t:|1711946904\n|switch|p2a: Mesprit|Mesprit, L85|275\/275\n|-damage|p2a: Mesprit|241\/275|[from] Stealth Rock\n|move|p1a: Torterra|Bullet Seed|p2a: Mesprit\n|-damage|p2a: Mesprit|219\/275\n|-damage|p2a: Mesprit|197\/275\n|-damage|p2a: Mesprit|175\/275\n|-damage|p2a: Mesprit|154\/275\n|-damage|p2a: Mesprit|133\/275\n|-hitcount|p2a: Mesprit|5\n|\n|upkeep\n|turn|21\n|\n|t:|1711946920\n|move|p2a: Mesprit|Ice Beam|p1a: Torterra\n|-supereffective|p1a: Torterra\n|-damage|p1a: Torterra|0 fnt\n|faint|p1a: Torterra\n|\n|upkeep\n|\n|t:|1711946926\n|switch|p1a: Roaring Moon|Roaring Moon, L73|274\/274\n|turn|22\n|inactive|gerdhard has 60 seconds left.\n|\n|t:|1711946947\n|switch|p2a: Grimmsnarl|Grimmsnarl, L83, M|293\/293\n|-damage|p2a: Grimmsnarl|257\/293|[from] Stealth Rock\n|move|p1a: Roaring Moon|Knock Off|p2a: Grimmsnarl\n|-resisted|p2a: Grimmsnarl\n|-damage|p2a: Grimmsnarl|205\/293\n|-enditem|p2a: Grimmsnarl|Leftovers|[from] move: Knock Off|[of] p1a: Roaring Moon\n|\n|upkeep\n|turn|23\n|\n|t:|1711946960\n|-end|p1a: Roaring Moon|Protosynthesis|[silent]\n|switch|p1a: Dudunsparce|Dudunsparce-Three-Segment, L82, F|339\/339\n|move|p2a: Grimmsnarl|Thunder Wave|p1a: Dudunsparce|[miss]\n|-miss|p2a: Grimmsnarl|p1a: Dudunsparce\n|\n|upkeep\n|turn|24\n|\n|t:|1711946970\n|move|p2a: Grimmsnarl|Spirit Break|p1a: Dudunsparce\n|-damage|p1a: Dudunsparce|246\/339\n|-unboost|p1a: Dudunsparce|spa|1\n|move|p1a: Dudunsparce|Glare|p2a: Grimmsnarl\n|-status|p2a: Grimmsnarl|par\n|\n|-heal|p1a: Dudunsparce|267\/339|[from] item: Leftovers\n|upkeep\n|turn|25\n|\n|t:|1711946988\n|move|p2a: Grimmsnarl|Thunder Wave|p1a: Dudunsparce\n|-status|p1a: Dudunsparce|par\n|cant|p1a: Dudunsparce|par\n|\n|-heal|p1a: Dudunsparce|288\/339 par|[from] item: Leftovers\n|upkeep\n|turn|26\n|inactive|discountedpokeball has 120 seconds left.\n|\n|t:|1711946999\n|move|p2a: Grimmsnarl|Throat Chop|p1a: Dudunsparce\n|-damage|p1a: Dudunsparce|182\/339 par\n|-start|p1a: Dudunsparce|Throat Chop|[silent]\n|move|p1a: Dudunsparce|Headbutt|p2a: Grimmsnarl\n|-damage|p2a: Grimmsnarl|111\/293 par\n|\n|-heal|p1a: Dudunsparce|203\/339 par|[from] item: Leftovers\n|upkeep\n|turn|27\n|\n|t:|1711947016\n|move|p2a: Grimmsnarl|Spirit Break|p1a: Dudunsparce\n|-damage|p1a: Dudunsparce|97\/339 par\n|-unboost|p1a: Dudunsparce|spa|1\n|move|p1a: Dudunsparce|Roost|p1a: Dudunsparce\n|-heal|p1a: Dudunsparce|267\/339 par\n|-singleturn|p1a: Dudunsparce|move: Roost\n|\n|-heal|p1a: Dudunsparce|288\/339 par|[from] item: Leftovers\n|-end|p1a: Dudunsparce|Throat Chop|[silent]\n|upkeep\n|turn|28\n|inactive|gerdhard has 30 seconds left.\n|inactive|gerdhard has 20 seconds left.\n|\n|t:|1711947042\n|switch|p2a: Mesprit|Mesprit, L85|133\/275\n|-damage|p2a: Mesprit|99\/275|[from] Stealth Rock\n|move|p1a: Dudunsparce|Headbutt|p2a: Mesprit\n|-damage|p2a: Mesprit|33\/275\n|\n|-heal|p1a: Dudunsparce|309\/339 par|[from] item: Leftovers\n|upkeep\n|turn|29\n|inactive|gerdhard has 30 seconds left this turn.\n|inactive|gerdhard has 20 seconds left.\n|\n|t:|1711947056\n|-terastallize|p2a: Mesprit|Fighting\n|move|p2a: Mesprit|Drain Punch|p1a: Dudunsparce\n|-supereffective|p1a: Dudunsparce\n|-damage|p1a: Dudunsparce|123\/339 par\n|-heal|p2a: Mesprit|126\/275|[from] drain|[of] p1a: Dudunsparce\n|move|p1a: Dudunsparce|Headbutt|p2a: Mesprit\n|-damage|p2a: Mesprit|65\/275\n|\n|-heal|p1a: Dudunsparce|144\/339 par|[from] item: Leftovers\n|upkeep\n|turn|30\n|inactive|gerdhard has 30 seconds left this turn.\n|inactive|gerdhard has 20 seconds left.\n|\n|t:|1711947070\n|move|p2a: Mesprit|Drain Punch|p1a: Dudunsparce\n|-supereffective|p1a: Dudunsparce\n|-damage|p1a: Dudunsparce|0 fnt\n|-heal|p2a: Mesprit|137\/275|[from] drain|[of] p1a: Dudunsparce\n|faint|p1a: Dudunsparce\n|\n|upkeep\n|inactive|gerdhard has 25 seconds left this turn.\n|inactive|discountedpokeball has 120 seconds left.\n|\n|t:|1711947106\n|switch|p1a: Annihilape|Annihilape, L76, F|292\/292\n|turn|31\n|inactive|gerdhard has 30 seconds left.\n|inactive|gerdhard has 20 seconds left.\n|inactive|gerdhard has 15 seconds left.\n|inactive|gerdhard has 10 seconds left.\n|inactive|discountedpokeball has 90 seconds left.\n|\n|t:|1711947139\n|switch|p2a: Dipplin|Dipplin, L88, M|249\/284\n|-damage|p2a: Dipplin|214\/284|[from] Stealth Rock\n|-terastallize|p1a: Annihilape|Ghost\n|move|p1a: Annihilape|Rage Fist|p2a: Dipplin\n|-damage|p2a: Dipplin|172\/284\n|\n|upkeep\n|turn|32\n|inactive|gerdhard has 20 seconds left this turn.\n|inactive|gerdhard has 15 seconds left.\n|inactive|gerdhard has 10 seconds left.\n|\n|t:|1711947152\n|move|p1a: Annihilape|Bulk Up|p1a: Annihilape\n|-boost|p1a: Annihilape|atk|1\n|-boost|p1a: Annihilape|def|1\n|move|p2a: Dipplin|Giga Drain|p1a: Annihilape\n|-damage|p1a: Annihilape|204\/292\n|-heal|p2a: Dipplin|216\/284|[from] drain|[of] p1a: Annihilape\n|\n|upkeep\n|turn|33\n|inactive|gerdhard has 20 seconds left this turn.\n|inactive|gerdhard has 15 seconds left.\n|inactive|gerdhard has 10 seconds left.\n|\n|t:|1711947162\n|move|p1a: Annihilape|Drain Punch|p2a: Dipplin\n|-damage|p2a: Dipplin|156\/284\n|-heal|p1a: Annihilape|234\/292|[from] drain|[of] p2a: Dipplin\n|move|p2a: Dipplin|Dragon Pulse|p1a: Annihilape\n|-damage|p1a: Annihilape|129\/292\n|\n|upkeep\n|turn|34\n|inactive|gerdhard has 20 seconds left this turn.\n|inactive|gerdhard has 15 seconds left.\n|\n|t:|1711947172\n|move|p1a: Annihilape|Rage Fist|p2a: Dipplin\n|-damage|p2a: Dipplin|0 fnt\n|faint|p2a: Dipplin\n|\n|upkeep\n|inactive|gerdhard has 20 seconds left this turn.\n|inactive|gerdhard has 15 seconds left.\n|\n|t:|1711947178\n|switch|p2a: Grimmsnarl|Grimmsnarl, L83, M|111\/293 par\n|-damage|p2a: Grimmsnarl|75\/293 par|[from] Stealth Rock\n|turn|35\n|inactive|gerdhard has 25 seconds left this turn.\n|\n|t:|1711947189\n|move|p2a: Grimmsnarl|Thunder Wave|p1a: Annihilape\n|-status|p1a: Annihilape|par\n|move|p1a: Annihilape|Rage Fist|p2a: Grimmsnarl\n|-resisted|p2a: Grimmsnarl\n|-damage|p2a: Grimmsnarl|0 fnt\n|faint|p2a: Grimmsnarl\n|\n|upkeep\n|inactive|gerdhard has 30 seconds left this turn.\n|inactive|gerdhard has 20 seconds left.\n|\n|t:|1711947199\n|switch|p2a: Cramorant|Cramorant, L86, F|176\/261\n|turn|36\n|inactive|gerdhard has 30 seconds left this turn.\n|\n|t:|1711947206\n|move|p2a: Cramorant|Brave Bird|p1a: Annihilape\n|-damage|p1a: Annihilape|30\/292 par\n|-damage|p2a: Cramorant|143\/261|[from] Recoil\n|cant|p1a: Annihilape|par\n|\n|upkeep\n|turn|37\n|inactive|gerdhard has 30 seconds left.\n|\n|t:|1711947214\n|move|p2a: Cramorant|Surf|p1a: Annihilape\n|-formechange|p2a: Cramorant|Cramorant-Gulping|\n|-damage|p1a: Annihilape|0 fnt\n|faint|p1a: Annihilape\n|\n|upkeep\n|\n|t:|1711947218\n|switch|p1a: Roaring Moon|Roaring Moon, L73|274\/274\n|turn|38\n|inactive|gerdhard has 30 seconds left.\n|\n|t:|1711947235\n|move|p1a: Roaring Moon|Outrage|p2a: Cramorant\n|-damage|p2a: Cramorant|0 fnt\n|-damage|p1a: Roaring Moon|206\/274|[from] ability: Gulp Missile|[of] p2a: Cramorant\n|-unboost|p1a: Roaring Moon|def|1\n|-formechange|p2a: Cramorant|Cramorant|\n|faint|p2a: Cramorant\n|\n|upkeep\n|inactive|gerdhard has 30 seconds left.\n|\n|t:|1711947244\n|switch|p2a: Mesprit|Mesprit, L85, tera:Fighting|137\/275\n|-damage|p2a: Mesprit|120\/275|[from] Stealth Rock\n|turn|39\n|\n|t:|1711947249\n|move|p1a: Roaring Moon|Outrage|p2a: Mesprit|[from]lockedmove\n|-damage|p2a: Mesprit|0 fnt\n|faint|p2a: Mesprit\n|-start|p1a: Roaring Moon|confusion|[fatigue]\n|\n|win|discountedpokeball\n|raw|discountedpokeball's rating: 1182 &rarr; <strong>1210<\/strong><br \/>(+28 for winning)\n|raw|gerdhard's rating: 1222 &rarr; <strong>1194<\/strong><br \/>(-28 for losing)\n|l|\u2606gerdhard\n|player|p2|\n","inputlog":">version 6cdde67ed88b47ab6b8ae5717517ae7b5d1ef27b\n>start {\"formatid\":\"gen9randombattle\",\"seed\":[36413,30400,40341,1001],\"rated\":\"Rated battle\"}\n>player p1 {\"name\":\"discountedpokeball\",\"avatar\":\"waitress-gen4\",\"rating\":1182,\"seed\":[42461,38955,20364,58797]}\n>player p2 {\"name\":\"gerdhard\",\"avatar\":\"169\",\"rating\":1222,\"seed\":[20670,4048,10386,34331]}\n>p1 move glare\n>p2 move cosmicpower\n>p1 move headbutt\n>p2 move bodypress\n>p1 move headbutt\n>p2 move bodypress\n>p1 move headbutt\n>p2 move bodypress\n>p1 move headbutt\n>p2 move bodypress\n>p1 move headbutt\n>p2 move recover\n>p1 move headbutt\n>p2 move cosmicpower\n>p1 move headbutt\n>p2 move bodypress\n>p1 move headbutt\n>p2 move recover\n>p1 move headbutt\n>p2 move recover\n>p2 switch 5\n>p1 switch 3\n>p2 move thunderwave\n>p1 move stealthrock\n>p2 switch 3\n>p1 switch 2\n>p2 move surf\n>p1 move shadowball\n>p2 move surf\n>p1 switch 6\n>p1 switch 2\n>p2 switch 6\n>p1 move magmastorm\n>p2 switch 4\n>p1 move flashcannon\n>p2 move earthpower\n>p2 switch 6\n>p1 move magmastorm\n>p2 move surf\n>p1 move flashcannon\n>p2 move surf\n>p1 switch 2\n>p1 move bulletseed\n>p2 switch 2\n>p1 move shellsmash\n>p2 move icebeam\n>p1 switch 5\n>p1 move knockoff\n>p2 switch 3\n>p1 switch 3\n>p2 move thunderwave\n>p1 move glare\n>p2 move spiritbreak\n>p1 move headbutt\n>p2 move thunderwave\n>p1 move headbutt\n>p2 move throatchop\n>p1 move roost\n>p2 move spiritbreak\n>p1 move headbutt\n>p2 switch 3\n>p1 move headbutt\n>p2 move drainpunch terastallize\n>p1 move glare\n>p2 move drainpunch\n>p1 switch 4\n>p1 move ragefist terastallize\n>p2 switch 4\n>p1 move bulkup\n>p2 move gigadrain\n>p1 move drainpunch\n>p2 move dragonpulse\n>p1 move ragefist\n>p2 move gigadrain\n>p2 switch 3\n>p1 move ragefist\n>p2 move thunderwave\n>p2 switch 2\n>p1 move ragefist\n>p2 move bravebird\n>p1 move ragefist\n>p2 move surf\n>p1 switch 3\n>p1 move outrage\n>p2 move bravebird\n>p2 switch 4\n>p1 move outrage\n>p2 move drainpunch","uploadtime":1711947256,"views":1,"formatid":"gen9randombattle","rating":1194,"private":0,"password":null}