{"id":"gen9randombattle-2093374486","format":"[Gen 9] Random Battle","players":["Sagenappa","suiiiiiiid"],"log":"|j|\u2606Sagenappa\n|j|\u2606suiiiiiiid\n|t:|1711946695\n|gametype|singles\n|player|p1|Sagenappa|265|1022\n|player|p2|suiiiiiiid|benga|1000\n|teamsize|p1|6\n|teamsize|p2|6\n|gen|9\n|tier|[Gen 9] Random Battle\n|rated|\n|rule|Species Clause: Limit one of each Pok\u00e9mon\n|rule|HP Percentage Mod: HP is shown in percentages\n|rule|Sleep Clause Mod: Limit one foe put to sleep\n|rule|Illusion Level Mod: Illusion disguises the Pok\u00e9mon's true level\n|\n|t:|1711946695\n|start\n|switch|p1a: Crawdaunt|Crawdaunt, L84, M|243\/243\n|switch|p2a: Darkrai|Darkrai, L76|231\/231\n|turn|1\n|\n|t:|1711946706\n|move|p2a: Darkrai|Sludge Bomb|p1a: Crawdaunt\n|-damage|p1a: Crawdaunt|118\/243\n|-status|p1a: Crawdaunt|psn\n|-damage|p2a: Darkrai|208\/231|[from] item: Life Orb\n|move|p1a: Crawdaunt|Close Combat|p2a: Darkrai\n|-supereffective|p2a: Darkrai\n|-damage|p2a: Darkrai|0 fnt\n|-unboost|p1a: Crawdaunt|def|1\n|-unboost|p1a: Crawdaunt|spd|1\n|faint|p2a: Darkrai\n|-damage|p1a: Crawdaunt|94\/243 psn|[from] item: Life Orb\n|\n|-damage|p1a: Crawdaunt|64\/243 psn|[from] psn\n|upkeep\n|\n|t:|1711946724\n|switch|p2a: Toedscruel|Toedscruel, L87, M|281\/281\n|turn|2\n|\n|t:|1711946757\n|move|p2a: Toedscruel|Giga Drain|p1a: Crawdaunt\n|-supereffective|p1a: Crawdaunt\n|-damage|p1a: Crawdaunt|0 fnt\n|faint|p1a: Crawdaunt\n|\n|upkeep\n|\n|t:|1711946760\n|switch|p1a: Mienshao|Mienshao, L83, M|243\/243\n|turn|3\n|\n|t:|1711946768\n|move|p1a: Mienshao|Triple Axel|p2a: Toedscruel\n|-supereffective|p2a: Toedscruel\n|-damage|p2a: Toedscruel|165\/281\n|-hitcount|p2a: Toedscruel|1\n|move|p2a: Toedscruel|Toxic|p1a: Mienshao\n|-status|p1a: Mienshao|tox\n|\n|-heal|p2a: Toedscruel|182\/281|[from] item: Leftovers\n|-damage|p1a: Mienshao|228\/243 tox|[from] psn\n|upkeep\n|turn|4\n|\n|t:|1711946779\n|move|p2a: Toedscruel|Giga Drain|p1a: Mienshao\n|-crit|p1a: Mienshao\n|-damage|p1a: Mienshao|89\/243 tox\n|-heal|p2a: Toedscruel|252\/281|[from] drain|[of] p1a: Mienshao\n|move|p1a: Mienshao|Triple Axel|p2a: Toedscruel\n|-supereffective|p2a: Toedscruel\n|-damage|p2a: Toedscruel|128\/281\n|-supereffective|p2a: Toedscruel\n|-damage|p2a: Toedscruel|0 fnt\n|faint|p2a: Toedscruel\n|-hitcount|p2: Toedscruel|2\n|\n|-damage|p1a: Mienshao|59\/243 tox|[from] psn\n|upkeep\n|\n|t:|1711946795\n|switch|p2a: Noctowl|Noctowl, L95, F|344\/344\n|turn|5\n|\n|t:|1711946806\n|move|p1a: Mienshao|Triple Axel|p2a: Noctowl\n|-supereffective|p2a: Noctowl\n|-damage|p2a: Noctowl|280\/344\n|-supereffective|p2a: Noctowl\n|-damage|p2a: Noctowl|138\/344\n|-supereffective|p2a: Noctowl\n|-crit|p2a: Noctowl\n|-damage|p2a: Noctowl|0 fnt\n|faint|p2a: Noctowl\n|-hitcount|p2: Noctowl|3\n|\n|-damage|p1a: Mienshao|14\/243 tox|[from] psn\n|upkeep\n|\n|t:|1711946818\n|switch|p2a: Malamar|Malamar, L82, M|275\/275\n|turn|6\n|\n|t:|1711946837\n|move|p1a: Mienshao|Triple Axel|p2a: Malamar\n|-damage|p2a: Malamar|250\/275\n|-damage|p2a: Malamar|195\/275\n|-damage|p2a: Malamar|114\/275\n|-hitcount|p2a: Malamar|3\n|move|p2a: Malamar|Superpower|p1a: Mienshao\n|-damage|p1a: Mienshao|0 fnt\n|-boost|p2a: Malamar|atk|1\n|-boost|p2a: Malamar|def|1\n|faint|p1a: Mienshao\n|\n|-heal|p2a: Malamar|131\/275|[from] item: Leftovers\n|upkeep\n|\n|t:|1711946840\n|switch|p1a: Dedenne|Dedenne, L88, M|261\/261\n|turn|7\n|inactive|Battle timer is ON: inactive players will automatically lose when time's up. (requested by Sagenappa)\n|\n|t:|1711946856\n|move|p1a: Dedenne|Nuzzle|p2a: Malamar\n|-damage|p2a: Malamar|119\/275\n|-status|p2a: Malamar|par\n|cant|p2a: Malamar|par\n|\n|-heal|p2a: Malamar|136\/275 par|[from] item: Leftovers\n|upkeep\n|turn|8\n|\n|t:|1711946865\n|move|p1a: Dedenne|Dazzling Gleam|p2a: Malamar\n|-supereffective|p2a: Malamar\n|-damage|p2a: Malamar|0 fnt\n|faint|p2a: Malamar\n|\n|upkeep\n|\n|t:|1711946874\n|switch|p2a: Gurdurr|Gurdurr, L85, M|283\/283\n|turn|9\n|\n|t:|1711946888\n|move|p1a: Dedenne|Nuzzle|p2a: Gurdurr\n|-damage|p2a: Gurdurr|271\/283\n|-status|p2a: Gurdurr|par\n|move|p2a: Gurdurr|Drain Punch|p1a: Dedenne\n|-resisted|p1a: Dedenne\n|-damage|p1a: Dedenne|171\/261\n|-heal|p2a: Gurdurr|283\/283 par|[from] drain|[of] p1a: Dedenne\n|\n|upkeep\n|turn|10\n|\n|t:|1711946899\n|move|p2a: Gurdurr|Mach Punch|p1a: Dedenne\n|-resisted|p1a: Dedenne\n|-damage|p1a: Dedenne|126\/261\n|-enditem|p1a: Dedenne|Sitrus Berry|[eat]\n|-heal|p1a: Dedenne|191\/261|[from] item: Sitrus Berry\n|-heal|p1a: Dedenne|261\/261|[from] ability: Cheek Pouch\n|move|p1a: Dedenne|Dazzling Gleam|p2a: Gurdurr\n|-supereffective|p2a: Gurdurr\n|-damage|p2a: Gurdurr|119\/283 par\n|\n|upkeep\n|turn|11\n|\n|t:|1711946910\n|move|p1a: Dedenne|Dazzling Gleam|p2a: Gurdurr\n|-supereffective|p2a: Gurdurr\n|-damage|p2a: Gurdurr|0 fnt\n|faint|p2a: Gurdurr\n|\n|upkeep\n|\n|t:|1711946915\n|switch|p2a: Azumarill|Azumarill, L82, M|298\/298\n|turn|12\n|\n|t:|1711946922\n|move|p1a: Dedenne|Nuzzle|p2a: Azumarill\n|-supereffective|p2a: Azumarill\n|-damage|p2a: Azumarill|256\/298\n|-status|p2a: Azumarill|par\n|move|p2a: Azumarill|Knock Off|p1a: Dedenne\n|-resisted|p1a: Dedenne\n|-damage|p1a: Dedenne|204\/261\n|\n|upkeep\n|turn|13\n|n|!suiiiiiiid|suiiiiiiid\n|inactive|suiiiiiiid has 120 seconds left.\n|\n|t:|1711946952\n|-terastallize|p1a: Dedenne|Flying\n|-terastallize|p2a: Azumarill|Water\n|move|p1a: Dedenne|U-turn|p2a: Azumarill\n|-crit|p2a: Azumarill\n|-damage|p2a: Azumarill|196\/298 par\n|\n|t:|1711946959\n|switch|p1a: Zekrom|Zekrom, L71|259\/259|[from] U-turn\n|-ability|p1a: Zekrom|Teravolt\n|move|p2a: Azumarill|Knock Off|p1a: Zekrom\n|-crit|p1a: Zekrom\n|-damage|p1a: Zekrom|95\/259\n|-enditem|p1a: Zekrom|Leftovers|[from] move: Knock Off|[of] p2a: Azumarill\n|\n|upkeep\n|turn|14\n|\n|t:|1711946969\n|move|p1a: Zekrom|Bolt Strike|p2a: Azumarill\n|-supereffective|p2a: Azumarill\n|-damage|p2a: Azumarill|0 fnt\n|faint|p2a: Azumarill\n|\n|win|Sagenappa\n","inputlog":">version 6cdde67ed88b47ab6b8ae5717517ae7b5d1ef27b\n>start {\"formatid\":\"gen9randombattle\",\"seed\":[58819,61887,17125,57015],\"rated\":\"Rated battle\"}\n>player p1 {\"name\":\"Sagenappa\",\"avatar\":\"265\",\"rating\":1022,\"seed\":[17551,44972,22791,24419]}\n>player p2 {\"name\":\"suiiiiiiid\",\"avatar\":\"benga\",\"rating\":1000,\"seed\":[24719,5079,53392,37220]}\n>p1 move closecombat\n>p2 move sludgebomb\n>p2 switch 2\n>p1 move dragondance\n>p2 move gigadrain\n>p1 switch 5\n>p1 move tripleaxel\n>p2 move toxic\n>p1 move tripleaxel\n>p2 move gigadrain\n>p2 switch 3\n>p1 move tripleaxel\n>p2 move hurricane\n>p2 switch 4\n>p1 move tripleaxel\n>p2 move superpower\n>p1 switch 4\n>p1 move nuzzle\n>p2 move superpower\n>p1 move dazzlinggleam\n>p2 move knockoff\n>p2 switch 6\n>p1 move nuzzle\n>p2 move drainpunch\n>p1 move dazzlinggleam\n>p2 move machpunch\n>p1 move dazzlinggleam\n>p2 move drainpunch\n>p2 switch 5\n>p1 move nuzzle\n>p2 move knockoff\n>chat \u2606suiiiiiiid|Fuck off\n>p1 move uturn terastallize\n>p2 move knockoff terastallize\n>p1 switch 2\n>p1 move boltstrike\n>p2 move knockoff","uploadtime":1711946935,"views":1,"formatid":"gen9randombattle","rating":null,"private":0,"password":null}