{"id":"gen9randombattle-2093375412","format":"[Gen 9] Random Battle","players":["cc124","Anthonycheng"],"log":"|j|\u2606cc124\n|j|\u2606Anthonycheng\n|t:|1711946847\n|gametype|singles\n|player|p1|cc124|266|1377\n|player|p2|Anthonycheng|2|1375\n|teamsize|p1|6\n|teamsize|p2|6\n|gen|9\n|tier|[Gen 9] Random Battle\n|rated|\n|rule|Species Clause: Limit one of each Pok\u00e9mon\n|rule|HP Percentage Mod: HP is shown in percentages\n|rule|Sleep Clause Mod: Limit one foe put to sleep\n|rule|Illusion Level Mod: Illusion disguises the Pok\u00e9mon's true level\n|\n|t:|1711946847\n|start\n|switch|p1a: Landorus|Landorus, L75, M|257\/257\n|switch|p2a: Dugtrio|Dugtrio-Alola, L85, F|198\/198\n|turn|1\n|inactive|Battle timer is ON: inactive players will automatically lose when time's up. (requested by cc124)\n|inactive|cc124 has 120 seconds left.\n|\n|t:|1711946887\n|switch|p2a: Jirachi|Jirachi, L80|291\/291\n|move|p1a: Landorus|Focus Blast|p2a: Jirachi\n|-damage|p2a: Jirachi|161\/291\n|\n|-heal|p2a: Jirachi|179\/291|[from] item: Leftovers\n|upkeep\n|turn|2\n|inactive|Anthonycheng has 120 seconds left.\n|\n|t:|1711946926\n|move|p2a: Jirachi|Iron Head|p1a: Landorus\n|-damage|p1a: Landorus|166\/257\n|cant|p1a: Landorus|flinch\n|\n|-heal|p2a: Jirachi|197\/291|[from] item: Leftovers\n|upkeep\n|turn|3\n|inactive|Anthonycheng has 120 seconds left.\n|\n|t:|1711946945\n|move|p2a: Jirachi|Iron Head|p1a: Landorus\n|-damage|p1a: Landorus|84\/257\n|cant|p1a: Landorus|flinch\n|\n|-heal|p2a: Jirachi|215\/291|[from] item: Leftovers\n|upkeep\n|turn|4\n|\n|t:|1711946965\n|move|p2a: Jirachi|Iron Head|p1a: Landorus\n|-damage|p1a: Landorus|0 fnt\n|faint|p1a: Landorus\n|\n|-heal|p2a: Jirachi|233\/291|[from] item: Leftovers\n|upkeep\n|\n|t:|1711946973\n|switch|p1a: Chesnaught|Chesnaught, L84, F|285\/285\n|turn|5\n|\n|t:|1711946979\n|move|p2a: Jirachi|Wish|p2a: Jirachi\n|move|p1a: Chesnaught|Trailblaze|p2a: Jirachi\n|-resisted|p2a: Jirachi\n|-damage|p2a: Jirachi|203\/291\n|-boost|p1a: Chesnaught|spe|1\n|\n|-heal|p2a: Jirachi|221\/291|[from] item: Leftovers\n|upkeep\n|turn|6\n|\n|t:|1711946982\n|switch|p2a: Dragalge|Dragalge, L87, M|255\/255\n|move|p1a: Chesnaught|Iron Defense|p1a: Chesnaught\n|-boost|p1a: Chesnaught|def|2\n|\n|upkeep\n|turn|7\n|\n|t:|1711946988\n|-terastallize|p1a: Chesnaught|Steel\n|move|p1a: Chesnaught|Iron Defense|p1a: Chesnaught\n|-boost|p1a: Chesnaught|def|2\n|move|p2a: Dragalge|Sludge Wave|p1a: Chesnaught\n|-immune|p1a: Chesnaught\n|\n|upkeep\n|turn|8\n|inactive|Anthonycheng has 120 seconds left.\n|\n|t:|1711947025\n|move|p1a: Chesnaught|Trailblaze|p2a: Dragalge\n|-resisted|p2a: Dragalge\n|-damage|p2a: Dragalge|242\/255\n|-boost|p1a: Chesnaught|spe|1\n|move|p2a: Dragalge|Hydro Pump|p1a: Chesnaught|[miss]\n|-miss|p2a: Dragalge|p1a: Chesnaught\n|\n|-heal|p2a: Dragalge|255\/255|[from] item: Leftovers\n|upkeep\n|turn|9\n|\n|t:|1711947050\n|move|p1a: Chesnaught|Body Press|p2a: Dragalge\n|-resisted|p2a: Dragalge\n|-damage|p2a: Dragalge|122\/255\n|move|p2a: Dragalge|Hydro Pump|p1a: Chesnaught\n|-damage|p1a: Chesnaught|199\/285\n|\n|-heal|p1a: Chesnaught|216\/285|[from] item: Leftovers\n|-heal|p2a: Dragalge|137\/255|[from] item: Leftovers\n|upkeep\n|turn|10\n|inactive|Anthonycheng has 120 seconds left.\n|inactive|Anthonycheng has 90 seconds left.\n|inactive|Anthonycheng has 60 seconds left.\n|\n|t:|1711947133\n|move|p1a: Chesnaught|Body Press|p2a: Dragalge\n|-resisted|p2a: Dragalge\n|-damage|p2a: Dragalge|0 fnt\n|faint|p2a: Dragalge\n|\n|-heal|p1a: Chesnaught|233\/285|[from] item: Leftovers\n|upkeep\n|\n|t:|1711947145\n|switch|p2a: Dugtrio|Dugtrio-Alola, L85, F|198\/198\n|turn|11\n|\n|t:|1711947152\n|-terastallize|p2a: Dugtrio|Ground\n|move|p1a: Chesnaught|Trailblaze|p2a: Dugtrio\n|-supereffective|p2a: Dugtrio\n|-damage|p2a: Dugtrio|52\/198\n|-boost|p1a: Chesnaught|spe|1\n|-ability|p2a: Dugtrio|Tangling Hair\n|-unboost|p1a: Chesnaught|spe|1\n|move|p2a: Dugtrio|Earthquake|p1a: Chesnaught\n|-supereffective|p1a: Chesnaught\n|-damage|p1a: Chesnaught|119\/285\n|-damage|p2a: Dugtrio|33\/198|[from] item: Life Orb\n|\n|-heal|p1a: Chesnaught|136\/285|[from] item: Leftovers\n|upkeep\n|turn|12\n|\n|t:|1711947164\n|move|p1a: Chesnaught|Synthesis|p1a: Chesnaught\n|-heal|p1a: Chesnaught|278\/285\n|move|p2a: Dugtrio|Earthquake|p1a: Chesnaught\n|-supereffective|p1a: Chesnaught\n|-damage|p1a: Chesnaught|174\/285\n|-damage|p2a: Dugtrio|14\/198|[from] item: Life Orb\n|\n|-heal|p1a: Chesnaught|191\/285|[from] item: Leftovers\n|upkeep\n|turn|13\n|-message|Anthonycheng forfeited.\n|\n|win|cc124\n|raw|cc124's rating: 1355 &rarr; <strong>1376<\/strong><br \/>(+21 for winning)\n|raw|Anthonycheng's rating: 1375 &rarr; <strong>1354<\/strong><br \/>(-21 for losing)\n|l|\u2606Anthonycheng\n|player|p2|\n","inputlog":">version 6cdde67ed88b47ab6b8ae5717517ae7b5d1ef27b\n>start {\"formatid\":\"gen9randombattle\",\"seed\":[38616,2736,29809,8396],\"rated\":\"Rated battle\"}\n>player p1 {\"name\":\"cc124\",\"avatar\":\"266\",\"rating\":1377,\"seed\":[19696,24261,8602,50895]}\n>player p2 {\"name\":\"Anthonycheng\",\"avatar\":\"2\",\"rating\":1375,\"seed\":[34302,54693,64806,39253]}\n>p1 move focusblast\n>p2 switch 3\n>p1 move earthpower\n>p2 move ironhead\n>p1 move earthpower\n>p2 move ironhead\n>p1 move earthpower\n>p2 move ironhead\n>p1 switch 2\n>p1 move trailblaze\n>p2 move wish\n>p1 move irondefense\n>p2 switch 2\n>p1 move irondefense terastallize\n>p2 move sludgewave\n>p1 move trailblaze\n>p2 move hydropump\n>p1 move bodypress\n>p2 move hydropump\n>p1 move bodypress\n>p2 move hydropump\n>p2 switch 3\n>p1 move trailblaze\n>p2 move earthquake terastallize\n>p1 move synthesis\n>p2 move earthquake\n>forcelose p2","uploadtime":1711947181,"views":1,"formatid":"gen9randombattle","rating":1354,"private":0,"password":null}