{"id":"gen4ou-2093302141","format":"[Gen 4] OU","players":["brayway","Luunacie"],"log":"|j|\u2606brayway\n|j|\u2606Luunacie\n|t:|1711936652\n|gametype|singles\n|player|p1|brayway|hilbert|1054\n|player|p2|Luunacie|102|1000\n|teamsize|p1|6\n|teamsize|p2|6\n|gen|4\n|tier|[Gen 4] OU\n|rated|\n|rule|Sleep Clause Mod: Limit one foe put to sleep\n|rule|Species Clause: Limit one of each Pok\u00e9mon\n|rule|OHKO Clause: OHKO moves are banned\n|rule|Evasion Items Clause: Evasion items are banned\n|rule|Evasion Moves Clause: Evasion moves are banned\n|rule|Endless Battle Clause: Forcing endless battles is banned\n|rule|HP Percentage Mod: HP is shown in percentages\n|rule|Evasion Abilities Clause: Evasion abilities are banned\n|rule|Baton Pass Stat Trap Clause: No Baton Passer may have a way to boost stats or trap Pok\u00e9mon\n|rule|Freeze Clause Mod: Limit one foe frozen\n|\n|t:|1711936652\n|start\n|switch|p1a: Infernape|Infernape, M|100\/100\n|switch|p2a: Chopper|Pelipper, M, shiny|100\/100\n|turn|1\n|\n|t:|1711936664\n|move|p1a: Infernape|Thunder Punch|p2a: Chopper\n|-supereffective|p2a: Chopper\n|-damage|p2a: Chopper|0 fnt\n|faint|p2a: Chopper\n|\n|upkeep\n|\n|t:|1711936680\n|switch|p2a: Vivi|Alakazam, F|100\/100\n|turn|2\n|\n|t:|1711936690\n|switch|p1a: Scyther|Scyther, F|100\/100\n|move|p2a: Vivi|Psychic|p1a: Scyther\n|-damage|p1a: Scyther|0 fnt\n|faint|p1a: Scyther\n|\n|upkeep\n|\n|t:|1711936697\n|switch|p1a: Milotic|Milotic, F|100\/100\n|turn|3\n|\n|t:|1711936707\n|move|p2a: Vivi|Psychic|p1a: Milotic\n|-damage|p1a: Milotic|52\/100\n|move|p1a: Milotic|Surf|p2a: Vivi\n|-damage|p2a: Vivi|34\/100\n|\n|-heal|p1a: Milotic|58\/100|[from] item: Leftovers\n|upkeep\n|turn|4\n|\n|t:|1711936716\n|move|p2a: Vivi|Psychic|p1a: Milotic\n|-damage|p1a: Milotic|8\/100\n|move|p1a: Milotic|Surf|p2a: Vivi\n|-damage|p2a: Vivi|0 fnt\n|faint|p2a: Vivi\n|\n|-heal|p1a: Milotic|14\/100|[from] item: Leftovers\n|upkeep\n|\n|t:|1711936729\n|switch|p2a: Luffy|Snorlax, M|100\/100\n|turn|5\n|\n|t:|1711936734\n|move|p1a: Milotic|Recover|p1a: Milotic\n|-heal|p1a: Milotic|64\/100\n|move|p2a: Luffy|Curse|p2a: Luffy\n|-unboost|p2a: Luffy|spe|1\n|-boost|p2a: Luffy|atk|1\n|-boost|p2a: Luffy|def|1\n|\n|-heal|p1a: Milotic|70\/100|[from] item: Leftovers\n|upkeep\n|turn|6\n|\n|t:|1711936745\n|switch|p1a: Machamp|Machamp, M|100\/100\n|move|p2a: Luffy|Body Slam|p1a: Machamp\n|-damage|p1a: Machamp|26\/100\n|\n|upkeep\n|turn|7\n|\n|t:|1711936760\n|move|p1a: Machamp|Dynamic Punch|p2a: Luffy\n|-supereffective|p2a: Luffy\n|-damage|p2a: Luffy|0 fnt\n|faint|p2a: Luffy\n|\n|upkeep\n|\n|t:|1711936768\n|switch|p2a: Zoro|Staraptor, M|100\/100\n|-ability|p2a: Zoro|Intimidate|boost\n|-unboost|p1a: Machamp|atk|1\n|turn|8\n|\n|t:|1711936777\n|move|p2a: Zoro|Quick Attack|p1a: Machamp\n|-crit|p1a: Machamp\n|-damage|p1a: Machamp|0 fnt\n|faint|p1a: Machamp\n|\n|upkeep\n|\n|t:|1711936782\n|switch|p1a: Milotic|Milotic, F|70\/100\n|turn|9\n|\n|t:|1711936793\n|move|p2a: Zoro|Brave Bird|p1a: Milotic\n|-damage|p1a: Milotic|12\/100\n|-damage|p2a: Zoro|76\/100|[from] Recoil\n|move|p1a: Milotic|Ice Beam|p2a: Zoro\n|-supereffective|p2a: Zoro\n|-damage|p2a: Zoro|0 fnt\n|faint|p2a: Zoro\n|\n|-heal|p1a: Milotic|19\/100|[from] item: Leftovers\n|upkeep\n|\n|t:|1711936810\n|switch|p2a: Marianne|Clefable, F|100\/100\n|turn|10\n|\n|t:|1711936820\n|switch|p1a: Infernape|Infernape, M|100\/100\n|move|p2a: Marianne|Psychic|p1a: Infernape\n|-supereffective|p1a: Infernape\n|-damage|p1a: Infernape|40\/100\n|\n|upkeep\n|turn|11\n|\n|t:|1711936831\n|move|p1a: Infernape|Flare Blitz|p2a: Marianne\n|-damage|p2a: Marianne|50\/100\n|-damage|p1a: Infernape|21\/100|[from] Recoil\n|move|p2a: Marianne|Psychic|p1a: Infernape\n|-supereffective|p1a: Infernape\n|-crit|p1a: Infernape\n|-damage|p1a: Infernape|0 fnt\n|faint|p1a: Infernape\n|\n|upkeep\n|\n|t:|1711936842\n|switch|p1a: Azelf|Azelf|100\/100\n|turn|12\n|\n|t:|1711936850\n|move|p1a: Azelf|Nasty Plot|p1a: Azelf\n|-boost|p1a: Azelf|spa|2\n|move|p2a: Marianne|Gravity|p2a: Marianne\n|-fieldstart|move: Gravity\n|\n|upkeep\n|turn|13\n|\n|t:|1711936864\n|switch|p2a: Yamato|Steelix, F|100\/100\n|move|p1a: Azelf|Psychic|p2a: Yamato\n|-resisted|p2a: Yamato\n|-damage|p2a: Yamato|29\/100\n|\n|-heal|p2a: Yamato|35\/100|[from] item: Leftovers\n|upkeep\n|turn|14\n|\n|t:|1711936887\n|move|p1a: Azelf|Nasty Plot|p1a: Azelf\n|-boost|p1a: Azelf|spa|2\n|move|p2a: Yamato|Earthquake|p1a: Azelf\n|-damage|p1a: Azelf|29\/100\n|\n|-heal|p2a: Yamato|41\/100|[from] item: Leftovers\n|upkeep\n|turn|15\n|\n|t:|1711936901\n|switch|p2a: Marianne|Clefable, F|50\/100\n|move|p1a: Azelf|Nasty Plot|p1a: Azelf\n|-boost|p1a: Azelf|spa|2\n|\n|upkeep\n|turn|16\n|-message|brayway forfeited.\n|\n|win|Luunacie\n|raw|brayway's rating: 1054 &rarr; <strong>1033<\/strong><br \/>(-21 for losing)\n|raw|Luunacie's rating: 1000 &rarr; <strong>1046<\/strong><br \/>(+46 for winning)\n|l|\u2606brayway\n|player|p1|\n","uploadtime":1711936917,"views":1,"formatid":"gen4ou","rating":1033,"private":0,"password":null}