{"id":"gen4ou-2093329077","format":"[Gen 4] OU","players":["Magolorian10","i mean yeah but"],"log":"|j|\u2606Magolorian10\n|j|\u2606i mean yeah but\n|t:|1711940040\n|gametype|singles\n|player|p1|Magolorian10|red|1444\n|player|p2|i mean yeah but|1|1336\n|teamsize|p1|6\n|teamsize|p2|6\n|gen|4\n|tier|[Gen 4] OU\n|rated|\n|rule|Sleep Clause Mod: Limit one foe put to sleep\n|rule|Species Clause: Limit one of each Pok\u00e9mon\n|rule|OHKO Clause: OHKO moves are banned\n|rule|Evasion Items Clause: Evasion items are banned\n|rule|Evasion Moves Clause: Evasion moves are banned\n|rule|Endless Battle Clause: Forcing endless battles is banned\n|rule|HP Percentage Mod: HP is shown in percentages\n|rule|Evasion Abilities Clause: Evasion abilities are banned\n|rule|Baton Pass Stat Trap Clause: No Baton Passer may have a way to boost stats or trap Pok\u00e9mon\n|rule|Freeze Clause Mod: Limit one foe frozen\n|\n|t:|1711940040\n|start\n|switch|p1a: Bronzong|Bronzong|100\/100\n|switch|p2a: Macho man|Machamp, F|100\/100\n|turn|1\n|inactive|Battle timer is ON: inactive players will automatically lose when time's up. (requested by i mean yeah but)\n|inactive|i mean yeah but has 120 seconds left.\n|\n|t:|1711940070\n|move|p2a: Macho man|Dynamic Punch|p1a: Bronzong\n|-damage|p1a: Bronzong|58\/100\n|-start|p1a: Bronzong|confusion\n|-activate|p1a: Bronzong|confusion\n|move|p1a: Bronzong|Stealth Rock|p2a: Macho man\n|-sidestart|p2: i mean yeah but|move: Stealth Rock\n|\n|-heal|p1a: Bronzong|64\/100|[from] item: Leftovers\n|upkeep\n|turn|2\n|\n|t:|1711940079\n|switch|p1a: Zapdos|Zapdos|100\/100\n|-ability|p1a: Zapdos|Pressure\n|move|p2a: Macho man|Payback|p1a: Zapdos\n|-damage|p1a: Zapdos|73\/100\n|\n|-heal|p1a: Zapdos|79\/100|[from] item: Leftovers\n|upkeep\n|turn|3\n|\n|t:|1711940086\n|move|p1a: Zapdos|Discharge|p2a: Macho man\n|-damage|p2a: Macho man|68\/100\n|-status|p2a: Macho man|par\n|-enditem|p2a: Macho man|Lum Berry|[eat]\n|-curestatus|p2a: Macho man|par|[msg]\n|move|p2a: Macho man|Dynamic Punch|p1a: Zapdos\n|-resisted|p1a: Zapdos\n|-damage|p1a: Zapdos|57\/100\n|-start|p1a: Zapdos|confusion\n|\n|-heal|p1a: Zapdos|63\/100|[from] item: Leftovers\n|upkeep\n|turn|4\n|\n|t:|1711940097\n|-activate|p1a: Zapdos|confusion\n|-damage|p1a: Zapdos|58\/100|[from] confusion\n|move|p2a: Macho man|Ice Punch|p1a: Zapdos\n|-supereffective|p1a: Zapdos\n|-damage|p1a: Zapdos|14\/100\n|\n|-heal|p1a: Zapdos|20\/100|[from] item: Leftovers\n|upkeep\n|turn|5\n|\n|t:|1711940104\n|-activate|p1a: Zapdos|confusion\n|move|p1a: Zapdos|Roost|p1a: Zapdos\n|-heal|p1a: Zapdos|70\/100\n|-singleturn|p1a: Zapdos|move: Roost\n|move|p2a: Macho man|Dynamic Punch|p1a: Zapdos\n|-damage|p1a: Zapdos|27\/100\n|\n|-heal|p1a: Zapdos|33\/100|[from] item: Leftovers\n|upkeep\n|turn|6\n|\n|t:|1711940113\n|-activate|p1a: Zapdos|confusion\n|move|p1a: Zapdos|Roost|p1a: Zapdos\n|-heal|p1a: Zapdos|83\/100\n|-singleturn|p1a: Zapdos|move: Roost\n|move|p2a: Macho man|Ice Punch|p1a: Zapdos\n|-crit|p1a: Zapdos\n|-damage|p1a: Zapdos|40\/100\n|\n|-heal|p1a: Zapdos|46\/100|[from] item: Leftovers\n|upkeep\n|turn|7\n|\n|t:|1711940121\n|-end|p1a: Zapdos|confusion\n|move|p1a: Zapdos|Roost|p1a: Zapdos\n|-heal|p1a: Zapdos|96\/100\n|-singleturn|p1a: Zapdos|move: Roost\n|move|p2a: Macho man|Dynamic Punch|p1a: Zapdos\n|-damage|p1a: Zapdos|51\/100\n|-start|p1a: Zapdos|confusion\n|\n|-heal|p1a: Zapdos|57\/100|[from] item: Leftovers\n|upkeep\n|turn|8\n|\n|t:|1711940132\n|-activate|p1a: Zapdos|confusion\n|move|p1a: Zapdos|Roost|p1a: Zapdos\n|-heal|p1a: Zapdos|100\/100\n|-singleturn|p1a: Zapdos|move: Roost\n|move|p2a: Macho man|Ice Punch|p1a: Zapdos\n|-damage|p1a: Zapdos|79\/100\n|\n|-heal|p1a: Zapdos|85\/100|[from] item: Leftovers\n|upkeep\n|turn|9\n|\n|t:|1711940140\n|switch|p1a: Bronzong|Bronzong|64\/100\n|move|p2a: Macho man|Ice Punch|p1a: Bronzong\n|-resisted|p1a: Bronzong\n|-damage|p1a: Bronzong|54\/100\n|\n|-heal|p1a: Bronzong|60\/100|[from] item: Leftovers\n|upkeep\n|turn|10\n|\n|t:|1711940146\n|move|p2a: Macho man|Dynamic Punch|p1a: Bronzong\n|-damage|p1a: Bronzong|11\/100\n|-start|p1a: Bronzong|confusion\n|-activate|p1a: Bronzong|confusion\n|move|p1a: Bronzong|Gyro Ball|p2a: Macho man\n|-damage|p2a: Macho man|46\/100\n|\n|-heal|p1a: Bronzong|17\/100|[from] item: Leftovers\n|upkeep\n|turn|11\n|\n|t:|1711940159\n|switch|p1a: Tyranitar|Tyranitar, M|100\/100\n|-weather|Sandstorm|[from] ability: Sand Stream|[of] p1a: Tyranitar\n|move|p2a: Macho man|Ice Punch|p1a: Tyranitar\n|-damage|p1a: Tyranitar|74\/100\n|\n|-weather|Sandstorm|[upkeep]\n|-damage|p2a: Macho man|40\/100|[from] Sandstorm\n|upkeep\n|turn|12\n|\n|t:|1711940169\n|switch|p1a: Zapdos|Zapdos|85\/100\n|-ability|p1a: Zapdos|Pressure\n|switch|p2a: scis or that|Scizor, F|100\/100\n|-damage|p2a: scis or that|88\/100|[from] Stealth Rock\n|\n|-weather|Sandstorm|[upkeep]\n|-damage|p1a: Zapdos|79\/100|[from] Sandstorm\n|-heal|p1a: Zapdos|85\/100|[from] item: Leftovers\n|upkeep\n|turn|13\n|\n|t:|1711940176\n|switch|p2a: heapster|Heatran, M, shiny|100\/100\n|-damage|p2a: heapster|88\/100|[from] Stealth Rock\n|move|p1a: Zapdos|Discharge|p2a: heapster\n|-damage|p2a: heapster|48\/100\n|\n|-weather|Sandstorm|[upkeep]\n|-damage|p1a: Zapdos|79\/100|[from] Sandstorm\n|-heal|p1a: Zapdos|85\/100|[from] item: Leftovers\n|upkeep\n|turn|14\n|inactive|i mean yeah but has 120 seconds left.\n|inactive|i mean yeah but has 90 seconds left.\n|j| dummybetatester\n|inactive|i mean yeah but has 60 seconds left.\n|\n|t:|1711940269\n|switch|p1a: Clefable|Clefable, F|100\/100\n|move|p2a: heapster|Fire Blast|p1a: Clefable\n|-damage|p1a: Clefable|57\/100\n|\n|-weather|Sandstorm|[upkeep]\n|-heal|p1a: Clefable|63\/100|[from] item: Leftovers\n|upkeep\n|turn|15\n|\n|t:|1711940280\n|switch|p1a: Latias|Latias, F|100\/100\n|move|p2a: heapster|Stealth Rock|p1a: Latias\n|-sidestart|p1: Magolorian10|move: Stealth Rock\n|\n|-weather|Sandstorm|[upkeep]\n|-damage|p1a: Latias|94\/100|[from] Sandstorm\n|-heal|p1a: Latias|100\/100|[from] item: Leftovers\n|upkeep\n|turn|16\n|inactive|i mean yeah but has 60 seconds left.\n|\n|t:|1711940316\n|switch|p1a: Bronzong|Bronzong|17\/100\n|-damage|p1a: Bronzong|11\/100|[from] Stealth Rock\n|move|p2a: heapster|Explosion|p1a: Bronzong\n|-resisted|p1a: Bronzong\n|-damage|p1a: Bronzong|0 fnt\n|faint|p2a: heapster\n|faint|p1a: Bronzong\n|\n|-weather|Sandstorm|[upkeep]\n|upkeep\n|\n|t:|1711940341\n|switch|p2a: Lat's go|Latias, F|100\/100\n|switch|p1a: Zapdos|Zapdos|85\/100\n|-damage|p2a: Lat's go|88\/100|[from] Stealth Rock\n|-damage|p1a: Zapdos|60\/100|[from] Stealth Rock\n|-ability|p1a: Zapdos|Pressure\n|turn|17\n|inactive|i mean yeah but has 30 seconds left.\n|\n|t:|1711940362\n|switch|p1a: Tyranitar|Tyranitar, M|74\/100\n|-damage|p1a: Tyranitar|61\/100|[from] Stealth Rock\n|move|p2a: Lat's go|Draco Meteor|p1a: Tyranitar\n|-damage|p1a: Tyranitar|19\/100\n|-unboost|p2a: Lat's go|spa|2\n|\n|-weather|Sandstorm|[upkeep]\n|-damage|p2a: Lat's go|82\/100|[from] Sandstorm\n|upkeep\n|turn|18\n|\n|t:|1711940370\n|move|p1a: Tyranitar|Pursuit|p2a: Lat's go\n|-supereffective|p2a: Lat's go\n|-damage|p2a: Lat's go|33\/100\n|move|p2a: Lat's go|Grass Knot|p1a: Tyranitar\n|-supereffective|p1a: Tyranitar\n|-damage|p1a: Tyranitar|0 fnt\n|faint|p1a: Tyranitar\n|\n|-weather|Sandstorm|[upkeep]\n|-damage|p2a: Lat's go|27\/100|[from] Sandstorm\n|upkeep\n|\n|t:|1711940378\n|switch|p1a: Clefable|Clefable, F|63\/100\n|turn|19\n|inactive|i mean yeah but has 30 seconds left.\n|inactive|i mean yeah but has 20 seconds left.\n|inactive|i mean yeah but has 15 seconds left.\n|\n|t:|1711940414\n|switch|p2a: Macho man|Machamp, F|40\/100\n|-damage|p2a: Macho man|34\/100|[from] Stealth Rock\n|move|p1a: Clefable|Thunder Wave|p2a: Macho man\n|-status|p2a: Macho man|par\n|\n|-weather|Sandstorm|[upkeep]\n|-damage|p2a: Macho man|28\/100 par|[from] Sandstorm\n|-heal|p1a: Clefable|69\/100|[from] item: Leftovers\n|upkeep\n|turn|20\n|inactive|i mean yeah but has 25 seconds left this turn.\n|\n|t:|1711940436\n|switch|p1a: Zapdos|Zapdos|60\/100\n|-damage|p1a: Zapdos|35\/100|[from] Stealth Rock\n|-ability|p1a: Zapdos|Pressure\n|switch|p2a: scis or that|Scizor, F|88\/100\n|-damage|p2a: scis or that|76\/100|[from] Stealth Rock\n|\n|-weather|Sandstorm|[upkeep]\n|-damage|p1a: Zapdos|29\/100|[from] Sandstorm\n|-heal|p1a: Zapdos|35\/100|[from] item: Leftovers\n|upkeep\n|turn|21\n|inactive|i mean yeah but has 30 seconds left.\n|inactive|i mean yeah but has 20 seconds left.\n|inactive|i mean yeah but has 15 seconds left.\n|\n|t:|1711940457\n|switch|p2a: Macho man|Machamp, F|28\/100 par\n|-damage|p2a: Macho man|21\/100 par|[from] Stealth Rock\n|move|p1a: Zapdos|Roost|p1a: Zapdos\n|-heal|p1a: Zapdos|85\/100\n|-singleturn|p1a: Zapdos|move: Roost\n|\n|-weather|Sandstorm|[upkeep]\n|-damage|p1a: Zapdos|79\/100|[from] Sandstorm\n|-damage|p2a: Macho man|15\/100 par|[from] Sandstorm\n|-heal|p1a: Zapdos|85\/100|[from] item: Leftovers\n|upkeep\n|turn|22\n|inactive|i mean yeah but has 25 seconds left this turn.\n|inactive|i mean yeah but has 20 seconds left.\n|inactive|i mean yeah but has 15 seconds left.\n|inactive|i mean yeah but has 10 seconds left.\n|inactive|i mean yeah but has 5 seconds left.\n|-message|i mean yeah but lost due to inactivity.\n|\n|win|Magolorian10\n|raw|Magolorian10's rating: 1444 &rarr; <strong>1458<\/strong><br \/>(+14 for winning)\n|raw|i mean yeah but's rating: 1336 &rarr; <strong>1322<\/strong><br \/>(-14 for losing)\n","uploadtime":1711940484,"views":0,"formatid":"gen4ou","rating":1322,"private":0,"password":null}