{"id":"gen4ou-2093371007","format":"[Gen 4] OU","players":["Primesss","zionpledge"],"log":"|j|\u2606Primesss\n|j|\u2606zionpledge\n|t:|1711946116\n|gametype|singles\n|player|p1|Primesss|lass-gen2|1321\n|player|p2|zionpledge|gentleman-gen4dp|1125\n|teamsize|p1|6\n|teamsize|p2|6\n|gen|4\n|tier|[Gen 4] OU\n|rated|\n|rule|Sleep Clause Mod: Limit one foe put to sleep\n|rule|Species Clause: Limit one of each Pok\u00e9mon\n|rule|OHKO Clause: OHKO moves are banned\n|rule|Evasion Items Clause: Evasion items are banned\n|rule|Evasion Moves Clause: Evasion moves are banned\n|rule|Endless Battle Clause: Forcing endless battles is banned\n|rule|HP Percentage Mod: HP is shown in percentages\n|rule|Evasion Abilities Clause: Evasion abilities are banned\n|rule|Baton Pass Stat Trap Clause: No Baton Passer may have a way to boost stats or trap Pok\u00e9mon\n|rule|Freeze Clause Mod: Limit one foe frozen\n|\n|t:|1711946116\n|start\n|switch|p1a: sample team andy|Zapdos|100\/100\n|switch|p2a: Ninjask|Ninjask, M|100\/100\n|-ability|p1a: sample team andy|Pressure\n|turn|1\n|inactive|Battle timer is ON: inactive players will automatically lose when time's up. (requested by Primesss)\n|\n|t:|1711946126\n|switch|p2a: Umbreon|Umbreon, F|100\/100\n|move|p1a: sample team andy|Thunderbolt|p2a: Umbreon\n|-damage|p2a: Umbreon|79\/100\n|\n|-heal|p2a: Umbreon|85\/100|[from] item: Leftovers\n|upkeep\n|turn|2\n|\n|t:|1711946134\n|switch|p1a: Stepdad w\/ belt|Breloom, M|100\/100\n|move|p2a: Umbreon|Taunt|p1a: Stepdad w\/ belt\n|-start|p1a: Stepdad w\/ belt|move: Taunt\n|\n|-status|p1a: Stepdad w\/ belt|tox|[from] item: Toxic Orb\n|-heal|p2a: Umbreon|91\/100|[from] item: Leftovers\n|upkeep\n|turn|3\n|\n|t:|1711946142\n|-singleturn|p1a: Stepdad w\/ belt|move: Focus Punch\n|switch|p2a: Skarmory|Skarmory, M|100\/100\n|move|p1a: Stepdad w\/ belt|Focus Punch|p2a: Skarmory\n|-damage|p2a: Skarmory|50\/100\n|\n|-heal|p2a: Skarmory|56\/100|[from] item: Leftovers\n|upkeep\n|turn|4\n|\n|t:|1711946158\n|switch|p1a: sample team andy|Zapdos|100\/100\n|-ability|p1a: sample team andy|Pressure\n|move|p2a: Skarmory|Spikes|p1a: sample team andy\n|-sidestart|p1: Primesss|Spikes\n|\n|-heal|p2a: Skarmory|62\/100|[from] item: Leftovers\n|upkeep\n|turn|5\n|\n|t:|1711946169\n|switch|p2a: Umbreon|Umbreon, F|91\/100\n|move|p1a: sample team andy|Thunderbolt|p2a: Umbreon\n|-damage|p2a: Umbreon|71\/100\n|\n|-heal|p2a: Umbreon|77\/100|[from] item: Leftovers\n|upkeep\n|turn|6\n|\n|t:|1711946185\n|move|p1a: sample team andy|Thunderbolt|p2a: Umbreon\n|-damage|p2a: Umbreon|58\/100\n|-status|p2a: Umbreon|par\n|-status|p1a: sample team andy|par|[from] ability: Synchronize|[of] p2a: Umbreon\n|move|p2a: Umbreon|Wish|p2a: Umbreon\n|\n|-heal|p2a: Umbreon|64\/100 par|[from] item: Leftovers\n|upkeep\n|turn|7\n|\n|t:|1711946203\n|cant|p1a: sample team andy|par\n|cant|p2a: Umbreon|par\n|\n|-heal|p2a: Umbreon|100\/100 par|[from] move: Wish|[wisher] Umbreon\n|upkeep\n|turn|8\n|inactive|zionpledge has 120 seconds left.\n|\n|t:|1711946225\n|switch|p1a: Stepdad w\/ belt|Breloom, M|100\/100 tox\n|-damage|p1a: Stepdad w\/ belt|88\/100 tox|[from] Spikes\n|switch|p2a: Ninjask|Ninjask, M|100\/100\n|\n|-heal|p1a: Stepdad w\/ belt|100\/100 tox|[from] ability: Poison Heal\n|upkeep\n|turn|9\n|\n|t:|1711946237\n|-singleturn|p1a: Stepdad w\/ belt|move: Focus Punch\n|move|p2a: Ninjask|Substitute|p2a: Ninjask\n|-start|p2a: Ninjask|Substitute\n|-damage|p2a: Ninjask|76\/100\n|move|p1a: Stepdad w\/ belt|Focus Punch|p2a: Ninjask\n|-resisted|p2a: Ninjask\n|-end|p2a: Ninjask|Substitute\n|\n|-ability|p2a: Ninjask|Speed Boost|boost\n|-boost|p2a: Ninjask|spe|1\n|-heal|p2a: Ninjask|82\/100|[from] item: Leftovers\n|upkeep\n|turn|10\n|\n|t:|1711946249\n|-singleturn|p1a: Stepdad w\/ belt|move: Focus Punch\n|move|p2a: Ninjask|X-Scissor|p1a: Stepdad w\/ belt\n|-damage|p1a: Stepdad w\/ belt|64\/100 tox\n|move|p1a: Stepdad w\/ belt|Focus Punch||[still]\n|cant|p1a: Stepdad w\/ belt|Focus Punch|Focus Punch\n|\n|-ability|p2a: Ninjask|Speed Boost|boost\n|-boost|p2a: Ninjask|spe|1\n|-heal|p2a: Ninjask|88\/100|[from] item: Leftovers\n|-heal|p1a: Stepdad w\/ belt|76\/100 tox|[from] ability: Poison Heal\n|upkeep\n|turn|11\n|inactive|zionpledge has 120 seconds left.\n|\n|t:|1711946272\n|-singleturn|p1a: Stepdad w\/ belt|move: Focus Punch\n|move|p2a: Ninjask|Substitute|p2a: Ninjask\n|-start|p2a: Ninjask|Substitute\n|-damage|p2a: Ninjask|63\/100\n|move|p1a: Stepdad w\/ belt|Focus Punch|p2a: Ninjask\n|-resisted|p2a: Ninjask\n|-end|p2a: Ninjask|Substitute\n|\n|-ability|p2a: Ninjask|Speed Boost|boost\n|-boost|p2a: Ninjask|spe|1\n|-heal|p2a: Ninjask|69\/100|[from] item: Leftovers\n|-heal|p1a: Stepdad w\/ belt|89\/100 tox|[from] ability: Poison Heal\n|upkeep\n|turn|12\n|inactive|zionpledge has 120 seconds left.\n|\n|t:|1711946283\n|move|p2a: Ninjask|X-Scissor|p1a: Stepdad w\/ belt\n|-damage|p1a: Stepdad w\/ belt|54\/100 tox\n|move|p1a: Stepdad w\/ belt|Spore|p2a: Ninjask\n|-status|p2a: Ninjask|slp|[from] move: Spore\n|\n|-ability|p2a: Ninjask|Speed Boost|boost\n|-boost|p2a: Ninjask|spe|1\n|-heal|p2a: Ninjask|75\/100 slp|[from] item: Leftovers\n|-heal|p1a: Stepdad w\/ belt|67\/100 tox|[from] ability: Poison Heal\n|upkeep\n|turn|13\n|inactive|zionpledge has 120 seconds left.\n|\n|t:|1711946307\n|-singleturn|p1a: Stepdad w\/ belt|move: Focus Punch\n|cant|p2a: Ninjask|slp\n|move|p1a: Stepdad w\/ belt|Focus Punch|p2a: Ninjask\n|-resisted|p2a: Ninjask\n|-damage|p2a: Ninjask|34\/100 slp\n|\n|-ability|p2a: Ninjask|Speed Boost|boost\n|-boost|p2a: Ninjask|spe|1\n|-heal|p2a: Ninjask|40\/100 slp|[from] item: Leftovers\n|-heal|p1a: Stepdad w\/ belt|79\/100 tox|[from] ability: Poison Heal\n|upkeep\n|turn|14\n|inactive|zionpledge has 90 seconds left.\n|\n|t:|1711946344\n|-singleturn|p1a: Stepdad w\/ belt|move: Focus Punch\n|switch|p2a: Skarmory|Skarmory, M|62\/100\n|move|p1a: Stepdad w\/ belt|Focus Punch|p2a: Skarmory\n|-damage|p2a: Skarmory|12\/100\n|\n|-heal|p1a: Stepdad w\/ belt|92\/100 tox|[from] ability: Poison Heal\n|-heal|p2a: Skarmory|18\/100|[from] item: Leftovers\n|upkeep\n|turn|15\n|\n|t:|1711946364\n|move|p1a: Stepdad w\/ belt|Mach Punch|p2a: Skarmory\n|-damage|p2a: Skarmory|3\/100\n|move|p2a: Skarmory|Brave Bird|p1a: Stepdad w\/ belt\n|-supereffective|p1a: Stepdad w\/ belt\n|-damage|p1a: Stepdad w\/ belt|0 fnt\n|faint|p1a: Stepdad w\/ belt\n|-damage|p2a: Skarmory|0 fnt|[from] Recoil\n|faint|p2a: Skarmory\n|\n|upkeep\n|\n|t:|1711946375\n|switch|p1a: X gon give it 2 ya|Metagross, shiny|100\/100\n|switch|p2a: Miltank|Miltank, F|100\/100\n|-damage|p1a: X gon give it 2 ya|88\/100|[from] Spikes\n|turn|16\n|\n|t:|1711946382\n|move|p2a: Miltank|Stealth Rock|p1a: X gon give it 2 ya\n|-sidestart|p1: Primesss|move: Stealth Rock\n|move|p1a: X gon give it 2 ya|Meteor Mash|p2a: Miltank\n|-damage|p2a: Miltank|61\/100\n|\n|-heal|p2a: Miltank|67\/100|[from] item: Leftovers\n|-heal|p1a: X gon give it 2 ya|94\/100|[from] item: Leftovers\n|upkeep\n|turn|17\n|\n|t:|1711946396\n|move|p1a: X gon give it 2 ya|Protect|p1a: X gon give it 2 ya\n|-singleturn|p1a: X gon give it 2 ya|Protect\n|move|p2a: Miltank|Earthquake|p1a: X gon give it 2 ya\n|-activate|p1a: X gon give it 2 ya|Protect\n|\n|-heal|p2a: Miltank|73\/100|[from] item: Leftovers\n|-heal|p1a: X gon give it 2 ya|99\/100|[from] item: Leftovers\n|upkeep\n|turn|18\n|\n|t:|1711946404\n|move|p2a: Miltank|Body Slam|p1a: X gon give it 2 ya\n|-resisted|p1a: X gon give it 2 ya\n|-damage|p1a: X gon give it 2 ya|88\/100\n|move|p1a: X gon give it 2 ya|Meteor Mash|p2a: Miltank\n|-damage|p2a: Miltank|29\/100\n|\n|-heal|p2a: Miltank|35\/100|[from] item: Leftovers\n|-heal|p1a: X gon give it 2 ya|94\/100|[from] item: Leftovers\n|upkeep\n|turn|19\n|inactive|zionpledge has 90 seconds left.\n|\n|t:|1711946417\n|move|p2a: Miltank|Milk Drink|p2a: Miltank\n|-heal|p2a: Miltank|85\/100\n|move|p1a: X gon give it 2 ya|Meteor Mash|p2a: Miltank|[miss]\n|-miss|p1a: X gon give it 2 ya|p2a: Miltank\n|\n|-heal|p2a: Miltank|91\/100|[from] item: Leftovers\n|-heal|p1a: X gon give it 2 ya|99\/100|[from] item: Leftovers\n|upkeep\n|turn|20\n|inactive|zionpledge has 90 seconds left.\n|\n|t:|1711946425\n|move|p2a: Miltank|Earthquake|p1a: X gon give it 2 ya\n|-supereffective|p1a: X gon give it 2 ya\n|-damage|p1a: X gon give it 2 ya|60\/100\n|move|p1a: X gon give it 2 ya|Meteor Mash|p2a: Miltank\n|-damage|p2a: Miltank|46\/100\n|-boost|p1a: X gon give it 2 ya|atk|1\n|\n|-heal|p2a: Miltank|52\/100|[from] item: Leftovers\n|-heal|p1a: X gon give it 2 ya|66\/100|[from] item: Leftovers\n|upkeep\n|turn|21\n|inactive|zionpledge has 90 seconds left.\n|\n|t:|1711946439\n|switch|p2a: Ninjask|Ninjask, M|40\/100 slp\n|move|p1a: X gon give it 2 ya|Protect||[still]\n|-fail|p1a: X gon give it 2 ya\n|\n|-heal|p2a: Ninjask|46\/100 slp|[from] item: Leftovers\n|-heal|p1a: X gon give it 2 ya|72\/100|[from] item: Leftovers\n|upkeep\n|turn|22\n|inactive|zionpledge has 90 seconds left.\n|\n|t:|1711946452\n|cant|p2a: Ninjask|slp\n|move|p1a: X gon give it 2 ya|Meteor Mash|p2a: Ninjask\n|-damage|p2a: Ninjask|0 fnt\n|faint|p2a: Ninjask\n|\n|-heal|p1a: X gon give it 2 ya|79\/100|[from] item: Leftovers\n|upkeep\n|inactive|zionpledge has 90 seconds left.\n|\n|t:|1711946458\n|switch|p2a: Raikou|Raikou, shiny|100\/100\n|-ability|p2a: Raikou|Pressure\n|turn|23\n|\n|t:|1711946464\n|move|p1a: X gon give it 2 ya|Protect|p1a: X gon give it 2 ya\n|-singleturn|p1a: X gon give it 2 ya|Protect\n|move|p2a: Raikou|Shadow Ball|p1a: X gon give it 2 ya\n|-activate|p1a: X gon give it 2 ya|Protect\n|\n|-heal|p1a: X gon give it 2 ya|85\/100|[from] item: Leftovers\n|upkeep\n|turn|24\n|\n|t:|1711946471\n|move|p2a: Raikou|Shadow Ball|p1a: X gon give it 2 ya\n|-damage|p1a: X gon give it 2 ya|48\/100\n|move|p1a: X gon give it 2 ya|Earthquake|p2a: Raikou\n|-supereffective|p2a: Raikou\n|-damage|p2a: Raikou|0 fnt\n|faint|p2a: Raikou\n|\n|-heal|p1a: X gon give it 2 ya|54\/100|[from] item: Leftovers\n|upkeep\n|\n|t:|1711946481\n|switch|p2a: Miltank|Miltank, F|52\/100\n|turn|25\n|\n|t:|1711946484\n|move|p2a: Miltank|Earthquake|p1a: X gon give it 2 ya\n|-supereffective|p1a: X gon give it 2 ya\n|-damage|p1a: X gon give it 2 ya|11\/100\n|move|p1a: X gon give it 2 ya|Meteor Mash|p2a: Miltank\n|-damage|p2a: Miltank|0 fnt\n|faint|p2a: Miltank\n|\n|-heal|p1a: X gon give it 2 ya|18\/100|[from] item: Leftovers\n|upkeep\n|\n|t:|1711946491\n|switch|p2a: Starmie|Starmie|100\/100\n|turn|26\n|\n|t:|1711946497\n|move|p1a: X gon give it 2 ya|Protect|p1a: X gon give it 2 ya\n|-singleturn|p1a: X gon give it 2 ya|Protect\n|move|p2a: Starmie|Hydro Pump|p1a: X gon give it 2 ya|[miss]\n|-miss|p2a: Starmie|p1a: X gon give it 2 ya\n|\n|-heal|p1a: X gon give it 2 ya|24\/100|[from] item: Leftovers\n|upkeep\n|turn|27\n|inactive|zionpledge has 120 seconds left.\n|\n|t:|1711946504\n|switch|p1a: Smelvin|Blissey, F, shiny|100\/100\n|-damage|p1a: Smelvin|88\/100|[from] Spikes\n|-damage|p1a: Smelvin|76\/100|[from] Stealth Rock\n|move|p2a: Starmie|Hydro Pump|p1a: Smelvin\n|-damage|p1a: Smelvin|50\/100\n|-damage|p2a: Starmie|91\/100|[from] item: Life Orb\n|\n|-heal|p1a: Smelvin|56\/100|[from] item: Leftovers\n|upkeep\n|turn|28\n|inactive|zionpledge has 120 seconds left.\n|\n|t:|1711946515\n|switch|p2a: Umbreon|Umbreon, F|100\/100 par\n|move|p1a: Smelvin|Soft-Boiled|p1a: Smelvin\n|-heal|p1a: Smelvin|100\/100\n|\n|upkeep\n|turn|29\n|\n|t:|1711946520\n|switch|p1a: Christmas Steve|Starmie|100\/100\n|-damage|p1a: Christmas Steve|88\/100|[from] Spikes\n|-damage|p1a: Christmas Steve|76\/100|[from] Stealth Rock\n|move|p2a: Umbreon|Taunt|p1a: Christmas Steve\n|-start|p1a: Christmas Steve|move: Taunt\n|\n|-heal|p1a: Christmas Steve|82\/100|[from] item: Leftovers\n|upkeep\n|turn|30\n|inactive|zionpledge has 120 seconds left.\n|\n|t:|1711946538\n|move|p1a: Christmas Steve|Rapid Spin|p2a: Umbreon\n|-damage|p2a: Umbreon|98\/100 par\n|-sideend|p1: Primesss|Spikes|[from] move: Rapid Spin|[of] p1a: Christmas Steve\n|-sideend|p1: Primesss|Stealth Rock|[from] move: Rapid Spin|[of] p1a: Christmas Steve\n|move|p2a: Umbreon|Heal Bell|p2a: Umbreon\n|-activate|p2a: Umbreon|move: Heal Bell\n|-curestatus|p2a: Umbreon|par|[silent]\n|\n|-heal|p1a: Christmas Steve|88\/100|[from] item: Leftovers\n|-heal|p2a: Umbreon|100\/100|[from] item: Leftovers\n|upkeep\n|turn|31\n|\n|t:|1711946549\n|switch|p1a: Odium|Heatran, M|100\/100\n|switch|p2a: Starmie|Starmie|91\/100\n|\n|upkeep\n|turn|32\n|\n|t:|1711946555\n|move|p1a: Odium|Explosion|p2a: Starmie\n|-damage|p2a: Starmie|0 fnt\n|faint|p1a: Odium\n|faint|p2a: Starmie\n|\n|upkeep\n|\n|t:|1711946559\n|switch|p2a: Umbreon|Umbreon, F|100\/100\n|switch|p1a: X gon give it 2 ya|Metagross, shiny|24\/100\n|turn|33\n|\n|t:|1711946568\n|move|p1a: X gon give it 2 ya|Protect|p1a: X gon give it 2 ya\n|-singleturn|p1a: X gon give it 2 ya|Protect\n|move|p2a: Umbreon|Taunt|p1a: X gon give it 2 ya\n|-activate|p1a: X gon give it 2 ya|Protect\n|\n|-heal|p1a: X gon give it 2 ya|30\/100|[from] item: Leftovers\n|upkeep\n|turn|34\n|\n|t:|1711946575\n|move|p1a: X gon give it 2 ya|Meteor Mash|p2a: Umbreon\n|-damage|p2a: Umbreon|58\/100\n|move|p2a: Umbreon|Taunt|p1a: X gon give it 2 ya\n|-start|p1a: X gon give it 2 ya|move: Taunt\n|\n|-heal|p1a: X gon give it 2 ya|36\/100|[from] item: Leftovers\n|-heal|p2a: Umbreon|64\/100|[from] item: Leftovers\n|upkeep\n|turn|35\n|\n|t:|1711946584\n|move|p2a: Umbreon|Protect|p2a: Umbreon\n|-singleturn|p2a: Umbreon|Protect\n|move|p1a: X gon give it 2 ya|Explosion|p2a: Umbreon\n|-activate|p2a: Umbreon|Protect\n|faint|p1a: X gon give it 2 ya\n|\n|-heal|p2a: Umbreon|70\/100|[from] item: Leftovers\n|upkeep\n|\n|t:|1711946594\n|switch|p1a: Smelvin|Blissey, F, shiny|100\/100\n|turn|36\n|\n|t:|1711946599\n|move|p2a: Umbreon|Taunt|p1a: Smelvin\n|-start|p1a: Smelvin|move: Taunt\n|move|p1a: Smelvin|Flamethrower|p2a: Umbreon\n|-damage|p2a: Umbreon|60\/100\n|\n|-heal|p2a: Umbreon|66\/100|[from] item: Leftovers\n|upkeep\n|turn|37\n|\n|t:|1711946609\n|move|p2a: Umbreon|Wish|p2a: Umbreon\n|move|p1a: Smelvin|Flamethrower|p2a: Umbreon\n|-damage|p2a: Umbreon|58\/100\n|\n|-heal|p2a: Umbreon|64\/100|[from] item: Leftovers\n|upkeep\n|turn|38\n|c|\u2606Primesss|bro please just ff\n|c|\u2606Primesss|you cannot do damage\n|\n|t:|1711946630\n|move|p2a: Umbreon|Protect|p2a: Umbreon\n|-singleturn|p2a: Umbreon|Protect\n|move|p1a: Smelvin|Flamethrower|p2a: Umbreon\n|-activate|p2a: Umbreon|Protect\n|\n|-heal|p2a: Umbreon|100\/100|[from] move: Wish|[wisher] Umbreon\n|upkeep\n|turn|39\n|c|\u2606zionpledge|i can go another 56 turns before struggle\n|inactive|zionpledge has 120 seconds left.\n|\n|t:|1711946664\n|move|p2a: Umbreon|Wish|p2a: Umbreon\n|move|p1a: Smelvin|Flamethrower|p2a: Umbreon\n|-damage|p2a: Umbreon|91\/100\n|\n|-heal|p2a: Umbreon|97\/100|[from] item: Leftovers\n|-end|p1a: Smelvin|move: Taunt\n|upkeep\n|turn|40\n|inactive|Primesss has 120 seconds left.\n|\n|t:|1711946695\n|move|p2a: Umbreon|Taunt|p1a: Smelvin\n|-start|p1a: Smelvin|move: Taunt\n|move|p1a: Smelvin|Flamethrower|p2a: Umbreon\n|-damage|p2a: Umbreon|89\/100\n|\n|-heal|p2a: Umbreon|100\/100|[from] move: Wish|[wisher] Umbreon\n|upkeep\n|turn|41\n|\n|t:|1711946709\n|switch|p1a: Christmas Steve|Starmie|88\/100\n|move|p2a: Umbreon|Protect||[still]\n|-fail|p2a: Umbreon\n|\n|-heal|p1a: Christmas Steve|94\/100|[from] item: Leftovers\n|upkeep\n|turn|42\n|n|!Primesss|primesss\n|\n|t:|1711946725\n|switch|p1a: Smelvin|Blissey, F, shiny|100\/100\n|move|p2a: Umbreon|Wish|p2a: Umbreon\n|\n|upkeep\n|turn|43\n|\n|t:|1711946732\n|switch|p1a: Christmas Steve|Starmie|94\/100\n|move|p2a: Umbreon|Taunt|p1a: Christmas Steve\n|-start|p1a: Christmas Steve|move: Taunt\n|\n|-heal|p1a: Christmas Steve|100\/100|[from] item: Leftovers\n|upkeep\n|turn|44\n|\n|t:|1711946739\n|switch|p1a: Smelvin|Blissey, F, shiny|100\/100\n|move|p2a: Umbreon|Taunt|p1a: Smelvin\n|-start|p1a: Smelvin|move: Taunt\n|\n|upkeep\n|turn|45\n|\n|t:|1711946744\n|switch|p1a: Christmas Steve|Starmie|100\/100\n|move|p2a: Umbreon|Taunt|p1a: Christmas Steve\n|-start|p1a: Christmas Steve|move: Taunt\n|\n|upkeep\n|turn|46\n|-message|zionpledge forfeited.\n|\n|win|Primesss\n","uploadtime":1711946717,"views":0,"formatid":"gen4ou","rating":null,"private":0,"password":null}