{"id":"gen4ou-2093364976","format":"[Gen 4] OU","players":["summer1401","MegaFreak400"],"log":"|j|\u2606summer1401\n|j|\u2606MegaFreak400\n|t:|1711945116\n|gametype|singles\n|player|p1|summer1401|madame|\n|player|p2|MegaFreak400|benga|\n|teamsize|p1|6\n|teamsize|p2|6\n|gen|4\n|tier|[Gen 4] OU\n|rule|Sleep Clause Mod: Limit one foe put to sleep\n|rule|Species Clause: Limit one of each Pok\u00e9mon\n|rule|OHKO Clause: OHKO moves are banned\n|rule|Evasion Items Clause: Evasion items are banned\n|rule|Evasion Moves Clause: Evasion moves are banned\n|rule|Endless Battle Clause: Forcing endless battles is banned\n|rule|HP Percentage Mod: HP is shown in percentages\n|rule|Evasion Abilities Clause: Evasion abilities are banned\n|rule|Baton Pass Stat Trap Clause: No Baton Passer may have a way to boost stats or trap Pok\u00e9mon\n|rule|Freeze Clause Mod: Limit one foe frozen\n|\n|t:|1711945116\n|start\n|switch|p1a: Glissando|Gliscor, M|100\/100\n|switch|p2a: Pompeii|Absol, M, shiny|100\/100\n|turn|1\n|j| SneakyScarab\n|j| Styrm_WB\n|c| Styrm_WB|go cats!\n|\n|t:|1711945205\n|move|p1a: Glissando|Stealth Rock|p2a: Pompeii\n|-sidestart|p2: MegaFreak400|move: Stealth Rock\n|move|p2a: Pompeii|Night Slash|p1a: Glissando\n|-damage|p1a: Glissando|60\/100\n|\n|upkeep\n|turn|2\n|\n|t:|1711945220\n|switch|p1a: Libra|Furret, M|100\/100\n|move|p2a: Pompeii|Sucker Punch|p1a: Libra\n|-fail|p2a: Pompeii\n|\n|-damage|p1a: Libra|88\/100|[from] item: Sticky Barb\n|upkeep\n|turn|3\n|\n|t:|1711945229\n|move|p1a: Libra|U-turn|p2a: Pompeii\n|-supereffective|p2a: Pompeii\n|-damage|p2a: Pompeii|38\/100\n|\n|t:|1711945239\n|switch|p1a: Glissando|Gliscor, M|60\/100|[from] U-turn\n|move|p2a: Pompeii|Superpower|p1a: Glissando\n|-resisted|p1a: Glissando\n|-damage|p1a: Glissando|36\/100\n|-unboost|p2a: Pompeii|atk|1\n|-unboost|p2a: Pompeii|def|1\n|\n|upkeep\n|turn|4\n|\n|t:|1711945265\n|switch|p2a: Diskun|Miltank, F|100\/100\n|-damage|p2a: Diskun|88\/100|[from] Stealth Rock\n|move|p1a: Glissando|Ice Fang|p2a: Diskun\n|-crit|p2a: Diskun\n|-damage|p2a: Diskun|55\/100\n|-status|p2a: Diskun|frz\n|\n|upkeep\n|turn|5\n|\n|t:|1711945282\n|switch|p1a: Libra|Furret, M|88\/100\n|cant|p2a: Diskun|frz\n|\n|-damage|p1a: Libra|76\/100|[from] item: Sticky Barb\n|upkeep\n|turn|6\n|\n|t:|1711945289\n|switch|p2a: Penry|Lucario, M|100\/100\n|-damage|p2a: Penry|98\/100|[from] Stealth Rock\n|move|p1a: Libra|Trick|p2a: Penry\n|-activate|p1a: Libra|move: Trick|[of] p2a: Penry\n|-item|p2a: Penry|Sticky Barb|[from] move: Trick\n|-item|p1a: Libra|Choice Scarf|[from] move: Trick\n|\n|-damage|p2a: Penry|85\/100|[from] item: Sticky Barb\n|upkeep\n|turn|7\n|\n|t:|1711945306\n|switch|p1a: Nocturn|Dusknoir, F|100\/100\n|-ability|p1a: Nocturn|Pressure\n|move|p2a: Penry|Ice Punch|p1a: Nocturn\n|-crit|p1a: Nocturn\n|-damage|p1a: Nocturn|61\/100\n|\n|-damage|p2a: Penry|73\/100|[from] item: Sticky Barb\n|-heal|p1a: Nocturn|67\/100|[from] item: Leftovers\n|upkeep\n|turn|8\n|\n|t:|1711945321\n|move|p2a: Penry|Thunder Punch|p1a: Nocturn\n|-damage|p1a: Nocturn|46\/100\n|move|p1a: Nocturn|Fire Punch|p2a: Penry\n|-supereffective|p2a: Penry\n|-damage|p2a: Penry|1\/100\n|\n|-damage|p2a: Penry|0 fnt|[from] item: Sticky Barb\n|faint|p2a: Penry\n|-heal|p1a: Nocturn|52\/100|[from] item: Leftovers\n|upkeep\n|\n|t:|1711945333\n|switch|p2a: Diskun|Miltank, F|55\/100 frz\n|-damage|p2a: Diskun|43\/100 frz|[from] Stealth Rock\n|turn|9\n|\n|t:|1711945346\n|switch|p1a: Libra|Furret, M|76\/100\n|cant|p2a: Diskun|frz\n|\n|upkeep\n|turn|10\n|\n|t:|1711945350\n|move|p1a: Libra|Brick Break|p2a: Diskun\n|-supereffective|p2a: Diskun\n|-damage|p2a: Diskun|6\/100 frz\n|-curestatus|p2a: Diskun|frz|[msg]\n|move|p2a: Diskun|Milk Drink|p2a: Diskun\n|-heal|p2a: Diskun|56\/100\n|\n|upkeep\n|turn|11\n|\n|t:|1711945358\n|move|p1a: Libra|Brick Break|p2a: Diskun\n|-supereffective|p2a: Diskun\n|-damage|p2a: Diskun|18\/100\n|move|p2a: Diskun|Milk Drink|p2a: Diskun\n|-heal|p2a: Diskun|67\/100\n|\n|upkeep\n|turn|12\n|c| Styrm_WB|YUMMY TASTY!!!\n|\n|t:|1711945389\n|switch|p1a: Nocturn|Dusknoir, F|52\/100\n|-ability|p1a: Nocturn|Pressure\n|move|p2a: Diskun|Milk Drink|p2a: Diskun\n|-heal|p2a: Diskun|100\/100\n|\n|-heal|p1a: Nocturn|58\/100|[from] item: Leftovers\n|upkeep\n|turn|13\n|\n|t:|1711945398\n|move|p2a: Diskun|Return|p1a: Nocturn\n|-damage|p1a: Nocturn|13\/100\n|-damage|p2a: Diskun|91\/100|[from] item: Life Orb\n|move|p1a: Nocturn|Pain Split|p2a: Diskun\n|-sethp|p2a: Diskun|51\/100|[from] move: Pain Split|[silent]\n|-sethp|p1a: Nocturn|59\/100|[from] move: Pain Split\n|\n|-heal|p1a: Nocturn|65\/100|[from] item: Leftovers\n|upkeep\n|turn|14\n|\n|t:|1711945446\n|move|p2a: Diskun|Milk Drink|p2a: Diskun\n|-heal|p2a: Diskun|100\/100\n|move|p1a: Nocturn|Fire Punch|p2a: Diskun\n|-damage|p2a: Diskun|77\/100\n|\n|-heal|p1a: Nocturn|71\/100|[from] item: Leftovers\n|upkeep\n|turn|15\n|\n|t:|1711945454\n|move|p2a: Diskun|Return|p1a: Nocturn\n|-damage|p1a: Nocturn|25\/100\n|-damage|p2a: Diskun|67\/100|[from] item: Life Orb\n|move|p1a: Nocturn|Fire Punch|p2a: Diskun\n|-damage|p2a: Diskun|43\/100\n|\n|-heal|p1a: Nocturn|31\/100|[from] item: Leftovers\n|upkeep\n|turn|16\n|\n|t:|1711945466\n|move|p2a: Diskun|Return|p1a: Nocturn\n|-damage|p1a: Nocturn|0 fnt\n|faint|p1a: Nocturn\n|-damage|p2a: Diskun|33\/100|[from] item: Life Orb\n|\n|upkeep\n|\n|t:|1711945476\n|switch|p1a: Aquila|Staraptor, M, shiny|100\/100\n|-ability|p1a: Aquila|Intimidate|boost\n|-unboost|p2a: Diskun|atk|1\n|turn|17\n|\n|t:|1711945492\n|switch|p2a: Pompeii|Absol, M, shiny|38\/100\n|-damage|p2a: Pompeii|26\/100|[from] Stealth Rock\n|move|p1a: Aquila|Close Combat|p2a: Pompeii\n|-supereffective|p2a: Pompeii\n|-damage|p2a: Pompeii|0 fnt\n|-unboost|p1a: Aquila|def|1\n|-unboost|p1a: Aquila|spd|1\n|faint|p2a: Pompeii\n|\n|upkeep\n|c| Styrm_WB|i sure hope staraptor doesn't push me out of a train\n|\n|t:|1711945501\n|switch|p2a: Pocky\/Rocky\/Becky|Magneton, shiny|100\/100\n|-damage|p2a: Pocky\/Rocky\/Becky|94\/100|[from] Stealth Rock\n|turn|18\n|\n|t:|1711945508\n|move|p1a: Aquila|Close Combat|p2a: Pocky\/Rocky\/Becky\n|-supereffective|p2a: Pocky\/Rocky\/Becky\n|-damage|p2a: Pocky\/Rocky\/Becky|0 fnt\n|-unboost|p1a: Aquila|def|1\n|-unboost|p1a: Aquila|spd|1\n|faint|p2a: Pocky\/Rocky\/Becky\n|\n|upkeep\n|\n|t:|1711945536\n|switch|p2a: Tenkaichi|Machamp, M|100\/100\n|-damage|p2a: Tenkaichi|94\/100|[from] Stealth Rock\n|turn|19\n|\n|t:|1711945559\n|move|p1a: Aquila|Close Combat|p2a: Tenkaichi\n|-damage|p2a: Tenkaichi|39\/100\n|-unboost|p1a: Aquila|def|1\n|-unboost|p1a: Aquila|spd|1\n|move|p2a: Tenkaichi|Stone Edge|p1a: Aquila\n|-supereffective|p1a: Aquila\n|-damage|p1a: Aquila|0 fnt\n|faint|p1a: Aquila\n|\n|upkeep\n|\n|t:|1711945567\n|switch|p1a: Fermata|Rotom-Fan|100\/100\n|turn|20\n|\n|t:|1711945572\n|move|p1a: Fermata|Air Slash|p2a: Tenkaichi\n|-supereffective|p2a: Tenkaichi\n|-damage|p2a: Tenkaichi|0 fnt\n|faint|p2a: Tenkaichi\n|-damage|p1a: Fermata|91\/100|[from] item: Life Orb\n|\n|upkeep\n|\n|t:|1711945580\n|switch|p2a: Diskun|Miltank, F|33\/100\n|-damage|p2a: Diskun|21\/100|[from] Stealth Rock\n|turn|21\n|\n|t:|1711945586\n|move|p2a: Diskun|Milk Drink|p2a: Diskun\n|-heal|p2a: Diskun|71\/100\n|move|p1a: Fermata|Air Slash|p2a: Diskun\n|-damage|p2a: Diskun|26\/100\n|-damage|p1a: Fermata|81\/100|[from] item: Life Orb\n|\n|upkeep\n|turn|22\n|\n|t:|1711945593\n|move|p2a: Diskun|Milk Drink|p2a: Diskun\n|-heal|p2a: Diskun|76\/100\n|move|p1a: Fermata|Air Slash|p2a: Diskun\n|-damage|p2a: Diskun|30\/100\n|-damage|p1a: Fermata|71\/100|[from] item: Life Orb\n|\n|upkeep\n|turn|23\n|\n|t:|1711945600\n|move|p2a: Diskun|Milk Drink|p2a: Diskun\n|-heal|p2a: Diskun|80\/100\n|move|p1a: Fermata|Discharge|p2a: Diskun\n|-damage|p2a: Diskun|12\/100\n|-damage|p1a: Fermata|61\/100|[from] item: Life Orb\n|\n|upkeep\n|turn|24\n|\n|t:|1711945607\n|move|p2a: Diskun|Return|p1a: Fermata\n|-damage|p1a: Fermata|0 fnt\n|faint|p1a: Fermata\n|-damage|p2a: Diskun|2\/100|[from] item: Life Orb\n|\n|upkeep\n|\n|t:|1711945616\n|switch|p1a: Libra|Furret, M|76\/100\n|turn|25\n|\n|t:|1711945621\n|move|p1a: Libra|U-turn|p2a: Diskun\n|-damage|p2a: Diskun|0 fnt\n|faint|p2a: Diskun\n|\n|t:|1711945625\n|switch|p1a: Glissando|Gliscor, M|36\/100|[from] U-turn\n|\n|upkeep\n|\n|t:|1711945628\n|switch|p2a: Kinoko|Breloom, F|100\/100\n|-damage|p2a: Kinoko|94\/100|[from] Stealth Rock\n|turn|26\n|\n|t:|1711945645\n|move|p1a: Glissando|Aerial Ace|p2a: Kinoko\n|-supereffective|p2a: Kinoko\n|-damage|p2a: Kinoko|0 fnt\n|faint|p2a: Kinoko\n|\n|win|summer1401\n","uploadtime":1711945720,"views":7,"formatid":"gen4ou","rating":null,"private":0,"password":null}