{"id":"gen4ou-2093298386","format":"[Gen 4] OU","players":["Tyranithar","88 bladee"],"log":"|j|\u2606Tyranithar\n|j|\u260688 bladee\n|t:|1711936186\n|gametype|singles\n|player|p1|Tyranithar|169|1451\n|player|p2|88 bladee|beauty-gen2jp|1397\n|teamsize|p1|6\n|teamsize|p2|6\n|gen|4\n|tier|[Gen 4] OU\n|rated|\n|rule|Sleep Clause Mod: Limit one foe put to sleep\n|rule|Species Clause: Limit one of each Pok\u00e9mon\n|rule|OHKO Clause: OHKO moves are banned\n|rule|Evasion Items Clause: Evasion items are banned\n|rule|Evasion Moves Clause: Evasion moves are banned\n|rule|Endless Battle Clause: Forcing endless battles is banned\n|rule|HP Percentage Mod: HP is shown in percentages\n|rule|Evasion Abilities Clause: Evasion abilities are banned\n|rule|Baton Pass Stat Trap Clause: No Baton Passer may have a way to boost stats or trap Pok\u00e9mon\n|rule|Freeze Clause Mod: Limit one foe frozen\n|\n|t:|1711936186\n|start\n|switch|p1a: Azelf|Azelf, shiny|100\/100\n|switch|p2a: ZONGGGGGGGG|Bronzong, shiny|100\/100\n|turn|1\n|\n|t:|1711936200\n|move|p1a: Azelf|Stealth Rock|p2a: ZONGGGGGGGG\n|-sidestart|p2: 88 bladee|move: Stealth Rock\n|move|p2a: ZONGGGGGGGG|Stealth Rock|p1a: Azelf\n|-sidestart|p1: Tyranithar|move: Stealth Rock\n|\n|upkeep\n|turn|2\n|\n|t:|1711936206\n|move|p1a: Azelf|U-turn|p2a: ZONGGGGGGGG\n|-damage|p2a: ZONGGGGGGGG|81\/100\n|-damage|p1a: Azelf|91\/100|[from] item: Life Orb\n|\n|t:|1711936210\n|switch|p1a: Zapdos|Zapdos, shiny|100\/100|[from] U-turn\n|-damage|p1a: Zapdos|76\/100|[from] Stealth Rock\n|-ability|p1a: Zapdos|Pressure\n|move|p2a: ZONGGGGGGGG|Earthquake|p1a: Zapdos\n|-immune|p1a: Zapdos\n|\n|-heal|p1a: Zapdos|82\/100|[from] item: Leftovers\n|upkeep\n|turn|3\n|\n|t:|1711936221\n|switch|p2a: in n out|Flygon, M, shiny|100\/100\n|-damage|p2a: in n out|95\/100|[from] Stealth Rock\n|move|p1a: Zapdos|Substitute|p1a: Zapdos\n|-start|p1a: Zapdos|Substitute\n|-damage|p1a: Zapdos|57\/100\n|\n|-heal|p1a: Zapdos|63\/100|[from] item: Leftovers\n|upkeep\n|turn|4\n|\n|t:|1711936231\n|move|p2a: in n out|U-turn|p1a: Zapdos\n|-resisted|p1a: Zapdos\n|-activate|p1a: Zapdos|Substitute|[damage]\n|\n|t:|1711936234\n|switch|p2a: stepdad|Tyranitar, M, shiny|100\/100|[from] U-turn\n|-damage|p2a: stepdad|88\/100|[from] Stealth Rock\n|-weather|Sandstorm|[from] ability: Sand Stream|[of] p2a: stepdad\n|move|p1a: Zapdos|Roost|p1a: Zapdos\n|-heal|p1a: Zapdos|100\/100\n|-singleturn|p1a: Zapdos|move: Roost\n|\n|-weather|Sandstorm|[upkeep]\n|-damage|p1a: Zapdos|94\/100|[from] Sandstorm\n|-heal|p1a: Zapdos|100\/100|[from] item: Leftovers\n|upkeep\n|turn|5\n|j| dummybetatester\n|\n|t:|1711936249\n|move|p2a: stepdad|Stone Edge|p1a: Zapdos\n|-supereffective|p1a: Zapdos\n|-end|p1a: Zapdos|Substitute\n|move|p1a: Zapdos|Toxic|p2a: stepdad\n|-status|p2a: stepdad|tox\n|\n|-weather|Sandstorm|[upkeep]\n|-damage|p1a: Zapdos|94\/100|[from] Sandstorm\n|-damage|p2a: stepdad|82\/100 tox|[from] psn\n|-heal|p1a: Zapdos|100\/100|[from] item: Leftovers\n|upkeep\n|turn|6\n|c|\u260688 bladee|bro has a crush on me\n|\n|t:|1711936261\n|switch|p1a: Jirachi|Jirachi|100\/100\n|-damage|p1a: Jirachi|94\/100|[from] Stealth Rock\n|move|p2a: stepdad|Stone Edge|p1a: Jirachi\n|-resisted|p1a: Jirachi\n|-damage|p1a: Jirachi|66\/100\n|\n|-weather|Sandstorm|[upkeep]\n|-damage|p2a: stepdad|70\/100 tox|[from] psn\n|upkeep\n|turn|7\n|c|\u260688 bladee|he love watching me\n|\n|t:|1711936271\n|switch|p2a: ZONGGGGGGGG|Bronzong, shiny|81\/100\n|-damage|p2a: ZONGGGGGGGG|75\/100|[from] Stealth Rock\n|move|p1a: Jirachi|U-turn|p2a: ZONGGGGGGGG\n|-damage|p2a: ZONGGGGGGGG|58\/100\n|\n|t:|1711936277\n|switch|p1a: Zapdos|Zapdos, shiny|100\/100|[from] U-turn\n|-damage|p1a: Zapdos|76\/100|[from] Stealth Rock\n|-ability|p1a: Zapdos|Pressure\n|\n|-weather|Sandstorm|[upkeep]\n|-damage|p1a: Zapdos|70\/100|[from] Sandstorm\n|-heal|p1a: Zapdos|76\/100|[from] item: Leftovers\n|upkeep\n|turn|8\n|c|\u260688 bladee|study well bsh youre gonna need the notes\n|c| dummybetatester|watching u constantly lose\n|c|\u260688 bladee|right\n|\n|t:|1711936308\n|move|p1a: Zapdos|Substitute|p1a: Zapdos\n|-start|p1a: Zapdos|Substitute\n|-damage|p1a: Zapdos|51\/100\n|move|p2a: ZONGGGGGGGG|Explosion|p1a: Zapdos\n|-end|p1a: Zapdos|Substitute\n|faint|p2a: ZONGGGGGGGG\n|\n|-weather|Sandstorm|[upkeep]\n|-damage|p1a: Zapdos|45\/100|[from] Sandstorm\n|-heal|p1a: Zapdos|51\/100|[from] item: Leftovers\n|upkeep\n|\n|t:|1711936311\n|switch|p2a: stepdad|Tyranitar, M, shiny|70\/100 tox\n|-damage|p2a: stepdad|57\/100 tox|[from] Stealth Rock\n|turn|9\n|c|\u260688 bladee|started this 3 days ago, first time since dpp when i was a child\n|c|\u260688 bladee|so sugg muh balls\n|\n|t:|1711936337\n|switch|p1a: Jirachi|Jirachi|66\/100\n|-damage|p1a: Jirachi|60\/100|[from] Stealth Rock\n|move|p2a: stepdad|Stone Edge|p1a: Jirachi|[miss]\n|-miss|p2a: stepdad|p1a: Jirachi\n|\n|-weather|Sandstorm|[upkeep]\n|-damage|p2a: stepdad|51\/100 tox|[from] psn\n|upkeep\n|turn|10\n|c| dummybetatester|sure you did\n|c|\u260688 bladee|?\n|\n|t:|1711936361\n|switch|p2a: crunch|Lucario, F, shiny|100\/100\n|-damage|p2a: crunch|98\/100|[from] Stealth Rock\n|move|p1a: Jirachi|U-turn|p2a: crunch\n|-resisted|p2a: crunch\n|-damage|p2a: crunch|90\/100\n|c|\u260688 bladee|who hurt you bro\n|\n|t:|1711936368\n|switch|p1a: Infernape|Infernape, M, shiny|100\/100|[from] U-turn\n|-damage|p1a: Infernape|88\/100|[from] Stealth Rock\n|\n|-weather|Sandstorm|[upkeep]\n|-damage|p1a: Infernape|82\/100|[from] Sandstorm\n|upkeep\n|turn|11\n|c| dummybetatester|def remember kicking ur ass multiple times on ur username on other alts too months ago\n|c|\u260688 bladee|what are you talking about\n|c| dummybetatester|so suck ur own\n|\n|t:|1711936384\n|switch|p2a: spookymayne|Gengar, M, shiny|100\/100\n|-damage|p2a: spookymayne|88\/100|[from] Stealth Rock\n|move|p1a: Infernape|Flare Blitz|p2a: spookymayne\n|-damage|p2a: spookymayne|0 fnt\n|faint|p2a: spookymayne\n|-damage|p1a: Infernape|56\/100|[from] Recoil\n|\n|-weather|Sandstorm|[upkeep]\n|-damage|p1a: Infernape|50\/100|[from] Sandstorm\n|upkeep\n|\n|t:|1711936391\n|switch|p2a: in n out|Flygon, M, shiny|95\/100\n|-damage|p2a: in n out|89\/100|[from] Stealth Rock\n|turn|12\n|c| dummybetatester|ur terrible\n|c| dummybetatester|getting wrecked again\n|c|\u260688 bladee|lets talk about it bro\n|c|\u260688 bladee|you seem like youre having a bad day\n|c|\u260688 bladee|what happened\n|c| dummybetatester|1395 elo\n|\n|t:|1711936411\n|switch|p1a: Zapdos|Zapdos, shiny|51\/100\n|-damage|p1a: Zapdos|26\/100|[from] Stealth Rock\n|-ability|p1a: Zapdos|Pressure\n|move|p2a: in n out|U-turn|p1a: Zapdos\n|-resisted|p1a: Zapdos\n|-damage|p1a: Zapdos|15\/100\n|c| dummybetatester|trash boi\n|\n|t:|1711936416\n|switch|p2a: crunch|Lucario, F, shiny|90\/100|[from] U-turn\n|-damage|p2a: crunch|87\/100|[from] Stealth Rock\n|\n|-weather|Sandstorm|[upkeep]\n|-damage|p1a: Zapdos|9\/100|[from] Sandstorm\n|-heal|p1a: Zapdos|15\/100|[from] item: Leftovers\n|upkeep\n|turn|13\n|c|\u260688 bladee|im here for you\n|c|\u260688 bladee|talk to me\n|\n|t:|1711936435\n|move|p2a: crunch|Extreme Speed|p1a: Zapdos\n|-damage|p1a: Zapdos|0 fnt\n|faint|p1a: Zapdos\n|-damage|p2a: crunch|77\/100|[from] item: Life Orb\n|\n|-weather|Sandstorm|[upkeep]\n|upkeep\n|c|\u260688 bladee|i can tell that you have something on your chest thats just trying to get it\n|c|\u260688 bladee|so let it out bapa\n|c| dummybetatester|^clearly mad\n|\n|t:|1711936452\n|switch|p1a: Infernape|Infernape, M, shiny|50\/100\n|-damage|p1a: Infernape|38\/100|[from] Stealth Rock\n|turn|14\n|c|\u260688 bladee|says the guy following me from match to match talking trash because i almost beat you?\n|c|\u260688 bladee|right\n|\n|t:|1711936465\n|move|p1a: Infernape|Mach Punch|p2a: crunch\n|-supereffective|p2a: crunch\n|-damage|p2a: crunch|0 fnt\n|faint|p2a: crunch\n|\n|-weather|Sandstorm|[upkeep]\n|-damage|p1a: Infernape|32\/100|[from] Sandstorm\n|upkeep\n|\n|t:|1711936469\n|switch|p2a: in n out|Flygon, M, shiny|89\/100\n|-damage|p2a: in n out|83\/100|[from] Stealth Rock\n|turn|15\n|c| dummybetatester|>following\n|c|\u260688 bladee|what else would you call it\n|\n|t:|1711936481\n|switch|p1a: Azelf|Azelf, shiny|91\/100\n|-damage|p1a: Azelf|78\/100|[from] Stealth Rock\n|move|p2a: in n out|Earthquake|p1a: Azelf\n|-immune|p1a: Azelf|[from] ability: Levitate\n|\n|-weather|Sandstorm|[upkeep]\n|-damage|p1a: Azelf|72\/100|[from] Sandstorm\n|upkeep\n|turn|16\n|c| dummybetatester|when I join tons of open games\n|c| dummybetatester|idiot\n|c|\u260688 bladee|dude\n|\n|t:|1711936491\n|switch|p2a: stepdad|Tyranitar, M, shiny|51\/100 tox\n|-damage|p2a: stepdad|39\/100 tox|[from] Stealth Rock\n|move|p1a: Azelf|U-turn|p2a: stepdad\n|-supereffective|p2a: stepdad\n|-damage|p2a: stepdad|0 fnt\n|faint|p2a: stepdad\n|-damage|p1a: Azelf|62\/100|[from] item: Life Orb\n|c|\u260688 bladee|why would i assume that youre doing that\n|c|\u260688 bladee|youre so weird\n|c|\u260688 bladee|anyway\n|\n|t:|1711936501\n|switch|p1a: Jirachi|Jirachi|60\/100|[from] U-turn\n|-damage|p1a: Jirachi|54\/100|[from] Stealth Rock\n|\n|-weather|Sandstorm|[upkeep]\n|upkeep\n|c|\u260688 bladee|lets get to the big issue\n|c| dummybetatester|bc ur brain dead\n|c|\u260688 bladee|which is theres something wrong with you\n|c|\u260688 bladee|and i wanna know what it is\n|c|\u260688 bladee|so spit it out\n|c|\u260688 bladee|who hurt you\n|c|\u260688 bladee|when was it\n|c|\u260688 bladee|gimme the deets\n|c|\u260688 bladee|seems juicy\n|\n|t:|1711936521\n|switch|p2a: in n out|Flygon, M, shiny|83\/100\n|-damage|p2a: in n out|77\/100|[from] Stealth Rock\n|turn|17\n|c| dummybetatester|just low iq\n|\n|t:|1711936527\n|move|p1a: Jirachi|U-turn|p2a: in n out\n|-damage|p2a: in n out|51\/100\n|\n|t:|1711936530\n|switch|p1a: Flygon|Flygon, F, shiny|100\/100|[from] U-turn\n|-damage|p1a: Flygon|95\/100|[from] Stealth Rock\n|move|p2a: in n out|U-turn|p1a: Flygon\n|-damage|p1a: Flygon|64\/100\n|c| dummybetatester|keep losing\n|c|\u260688 bladee|just the struggles of a low iq life got you down?\n|\n|t:|1711936537\n|switch|p2a: hail mary|Kingdra, M, shiny|100\/100|[from] U-turn\n|-damage|p2a: hail mary|88\/100|[from] Stealth Rock\n|\n|-weather|Sandstorm|[upkeep]\n|-damage|p2a: hail mary|82\/100|[from] Sandstorm\n|upkeep\n|turn|18\n|\n|t:|1711936545\n|move|p1a: Flygon|Draco Meteor|p2a: hail mary\n|-supereffective|p2a: hail mary\n|-damage|p2a: hail mary|0 fnt\n|-unboost|p1a: Flygon|spa|2\n|faint|p2a: hail mary\n|-damage|p1a: Flygon|54\/100|[from] item: Life Orb\n|\n|-weather|Sandstorm|[upkeep]\n|upkeep\n|\n|t:|1711936550\n|switch|p2a: in n out|Flygon, M, shiny|51\/100\n|-damage|p2a: in n out|45\/100|[from] Stealth Rock\n|turn|19\n|-message|88 bladee forfeited.\n|\n|win|Tyranithar\n|raw|Tyranithar's rating: 1451 &rarr; <strong>1468<\/strong><br \/>(+17 for winning)\n|raw|88 bladee's rating: 1397 &rarr; <strong>1380<\/strong><br \/>(-17 for losing)\n|c| dummybetatester|another L enjoy it\n|l|\u260688 bladee\n|player|p2|\n","uploadtime":1711936557,"views":0,"formatid":"gen4ou","rating":1380,"private":0,"password":null}