{"id":"gen4ou-2093370176","format":"[Gen 4] OU","players":["Luunacie","senatormoneyman"],"log":"|j|\u2606Luunacie\n|j|\u2606senatormoneyman\n|t:|1711945980\n|gametype|singles\n|player|p1|Luunacie|266|1075\n|player|p2|senatormoneyman|roughneck-gen4|1017\n|teamsize|p1|6\n|teamsize|p2|6\n|gen|4\n|tier|[Gen 4] OU\n|rated|\n|rule|Sleep Clause Mod: Limit one foe put to sleep\n|rule|Species Clause: Limit one of each Pok\u00e9mon\n|rule|OHKO Clause: OHKO moves are banned\n|rule|Evasion Items Clause: Evasion items are banned\n|rule|Evasion Moves Clause: Evasion moves are banned\n|rule|Endless Battle Clause: Forcing endless battles is banned\n|rule|HP Percentage Mod: HP is shown in percentages\n|rule|Evasion Abilities Clause: Evasion abilities are banned\n|rule|Baton Pass Stat Trap Clause: No Baton Passer may have a way to boost stats or trap Pok\u00e9mon\n|rule|Freeze Clause Mod: Limit one foe frozen\n|\n|t:|1711945980\n|start\n|switch|p1a: Luffy|Snorlax, M|100\/100\n|switch|p2a: Shedinja|Shedinja|100\/100\n|turn|1\n|\n|t:|1711945999\n|switch|p1a: Yamato|Steelix, F|100\/100\n|move|p2a: Shedinja|Confuse Ray|p1a: Yamato\n|-start|p1a: Yamato|confusion\n|\n|upkeep\n|turn|2\n|\n|t:|1711946033\n|switch|p2a: Blaziken|Blaziken, F|100\/100\n|-activate|p1a: Yamato|confusion\n|move|p1a: Yamato|Stone Edge|p2a: Blaziken\n|-damage|p2a: Blaziken|55\/100\n|\n|upkeep\n|turn|3\n|\n|t:|1711946050\n|switch|p1a: Chopper|Pelipper, M, shiny|100\/100\n|move|p2a: Blaziken|Vacuum Wave|p1a: Chopper\n|-resisted|p1a: Chopper\n|-damage|p1a: Chopper|87\/100\n|\n|upkeep\n|turn|4\n|\n|t:|1711946063\n|move|p2a: Blaziken|Fire Blast|p1a: Chopper\n|-resisted|p1a: Chopper\n|-damage|p1a: Chopper|48\/100\n|move|p1a: Chopper|Tailwind|p1a: Chopper\n|-sidestart|p1: Luunacie|move: Tailwind\n|\n|upkeep\n|turn|5\n|\n|t:|1711946080\n|switch|p2a: Shedinja|Shedinja|100\/100\n|move|p1a: Chopper|Surf|p2a: Shedinja\n|-immune|p2a: Shedinja|[from] ability: Wonder Guard\n|\n|upkeep\n|turn|6\n|\n|t:|1711946087\n|move|p1a: Chopper|Roost|p1a: Chopper\n|-heal|p1a: Chopper|97\/100\n|-singleturn|p1a: Chopper|move: Roost\n|move|p2a: Shedinja|Confuse Ray|p1a: Chopper\n|-start|p1a: Chopper|confusion\n|\n|-sideend|p1: Luunacie|move: Tailwind\n|upkeep\n|turn|7\n|\n|t:|1711946108\n|-activate|p1a: Chopper|confusion\n|move|p1a: Chopper|Hydro Pump|p2a: Shedinja\n|-immune|p2a: Shedinja|[from] ability: Wonder Guard\n|move|p2a: Shedinja|Swords Dance|p2a: Shedinja\n|-boost|p2a: Shedinja|atk|2\n|\n|upkeep\n|turn|8\n|\n|t:|1711946122\n|switch|p1a: Yamato|Steelix, F|100\/100\n|move|p2a: Shedinja|Swords Dance|p2a: Shedinja\n|-boost|p2a: Shedinja|atk|2\n|\n|upkeep\n|turn|9\n|\n|t:|1711946134\n|move|p2a: Shedinja|Confuse Ray|p1a: Yamato\n|-start|p1a: Yamato|confusion\n|-activate|p1a: Yamato|confusion\n|-damage|p1a: Yamato|94\/100|[from] confusion\n|\n|-heal|p1a: Yamato|100\/100|[from] item: Leftovers\n|upkeep\n|turn|10\n|\n|t:|1711946145\n|move|p2a: Shedinja|Shadow Sneak|p1a: Yamato\n|-resisted|p1a: Yamato\n|-damage|p1a: Yamato|85\/100\n|-activate|p1a: Yamato|confusion\n|-damage|p1a: Yamato|78\/100|[from] confusion\n|\n|-heal|p1a: Yamato|84\/100|[from] item: Leftovers\n|upkeep\n|turn|11\n|\n|t:|1711946155\n|move|p2a: Shedinja|Sucker Punch|p1a: Yamato\n|-fail|p2a: Shedinja\n|-activate|p1a: Yamato|confusion\n|move|p1a: Yamato|Rock Polish|p1a: Yamato\n|-boost|p1a: Yamato|spe|2\n|\n|-heal|p1a: Yamato|91\/100|[from] item: Leftovers\n|upkeep\n|turn|12\n|\n|t:|1711946174\n|-activate|p1a: Yamato|confusion\n|move|p1a: Yamato|Earthquake|p2a: Shedinja\n|-immune|p2a: Shedinja|[from] ability: Wonder Guard\n|move|p2a: Shedinja|Swords Dance|p2a: Shedinja\n|-boost|p2a: Shedinja|atk|2\n|\n|-heal|p1a: Yamato|97\/100|[from] item: Leftovers\n|upkeep\n|turn|13\n|\n|t:|1711946186\n|move|p2a: Shedinja|Shadow Sneak|p1a: Yamato\n|-resisted|p1a: Yamato\n|-damage|p1a: Yamato|76\/100\n|-end|p1a: Yamato|confusion\n|move|p1a: Yamato|Stone Edge|p2a: Shedinja\n|-supereffective|p2a: Shedinja\n|-damage|p2a: Shedinja|100\/100\n|-enditem|p2a: Shedinja|Focus Sash\n|\n|-heal|p1a: Yamato|82\/100|[from] item: Leftovers\n|upkeep\n|turn|14\n|\n|t:|1711946197\n|move|p2a: Shedinja|Shadow Sneak|p1a: Yamato\n|-resisted|p1a: Yamato\n|-damage|p1a: Yamato|62\/100\n|move|p1a: Yamato|Stone Edge|p2a: Shedinja\n|-supereffective|p2a: Shedinja\n|-damage|p2a: Shedinja|0 fnt\n|faint|p2a: Shedinja\n|\n|-heal|p1a: Yamato|69\/100|[from] item: Leftovers\n|upkeep\n|\n|t:|1711946223\n|switch|p2a: Blaziken|Blaziken, F|55\/100\n|turn|15\n|\n|t:|1711946228\n|move|p2a: Blaziken|Fire Blast|p1a: Yamato\n|-supereffective|p1a: Yamato\n|-damage|p1a: Yamato|0 fnt\n|faint|p1a: Yamato\n|\n|upkeep\n|\n|t:|1711946240\n|switch|p1a: Chopper|Pelipper, M, shiny|97\/100\n|turn|16\n|\n|t:|1711946247\n|move|p2a: Blaziken|Fire Blast|p1a: Chopper\n|-resisted|p1a: Chopper\n|-damage|p1a: Chopper|55\/100\n|move|p1a: Chopper|Hydro Pump|p2a: Blaziken\n|-supereffective|p2a: Blaziken\n|-damage|p2a: Blaziken|0 fnt\n|faint|p2a: Blaziken\n|\n|upkeep\n|\n|t:|1711946258\n|switch|p2a: Skarmory|Skarmory, M|100\/100\n|turn|17\n|\n|t:|1711946265\n|move|p1a: Chopper|Roost|p1a: Chopper\n|-heal|p1a: Chopper|100\/100\n|-singleturn|p1a: Chopper|move: Roost\n|move|p2a: Skarmory|Stealth Rock|p1a: Chopper\n|-sidestart|p1: Luunacie|move: Stealth Rock\n|\n|upkeep\n|turn|18\n|\n|t:|1711946284\n|move|p1a: Chopper|Tailwind|p1a: Chopper\n|-sidestart|p1: Luunacie|move: Tailwind\n|move|p2a: Skarmory|Spikes|p1a: Chopper\n|-sidestart|p1: Luunacie|Spikes\n|\n|upkeep\n|turn|19\n|\n|t:|1711946290\n|move|p1a: Chopper|Surf|p2a: Skarmory\n|-damage|p2a: Skarmory|56\/100\n|move|p2a: Skarmory|Toxic|p1a: Chopper|[miss]\n|-miss|p2a: Skarmory|p1a: Chopper\n|\n|-heal|p2a: Skarmory|62\/100|[from] item: Leftovers\n|upkeep\n|turn|20\n|\n|t:|1711946298\n|move|p1a: Chopper|Surf|p2a: Skarmory\n|-damage|p2a: Skarmory|20\/100\n|move|p2a: Skarmory|Toxic|p1a: Chopper\n|-status|p1a: Chopper|tox\n|\n|-sideend|p1: Luunacie|move: Tailwind\n|-damage|p1a: Chopper|94\/100 tox|[from] psn\n|-heal|p2a: Skarmory|26\/100|[from] item: Leftovers\n|upkeep\n|turn|21\n|\n|t:|1711946307\n|move|p1a: Chopper|Surf|p2a: Skarmory\n|-damage|p2a: Skarmory|0 fnt\n|faint|p2a: Skarmory\n|\n|-damage|p1a: Chopper|82\/100 tox|[from] psn\n|upkeep\n|\n|t:|1711946326\n|switch|p2a: Dragonite|Dragonite, M|100\/100\n|turn|22\n|\n|t:|1711946336\n|move|p2a: Dragonite|Extreme Speed|p1a: Chopper\n|-damage|p1a: Chopper|43\/100 tox\n|move|p1a: Chopper|Tailwind|p1a: Chopper\n|-sidestart|p1: Luunacie|move: Tailwind\n|\n|-damage|p1a: Chopper|24\/100 tox|[from] psn\n|upkeep\n|turn|23\n|\n|t:|1711946347\n|move|p2a: Dragonite|Extreme Speed|p1a: Chopper\n|-damage|p1a: Chopper|0 fnt\n|faint|p1a: Chopper\n|\n|upkeep\n|\n|t:|1711946358\n|switch|p1a: Vivi|Alakazam, F|100\/100\n|-damage|p1a: Vivi|88\/100|[from] Stealth Rock\n|-damage|p1a: Vivi|76\/100|[from] Spikes\n|turn|24\n|\n|t:|1711946367\n|switch|p1a: Luffy|Snorlax, M|100\/100\n|-damage|p1a: Luffy|88\/100|[from] Stealth Rock\n|-damage|p1a: Luffy|76\/100|[from] Spikes\n|move|p2a: Dragonite|Extreme Speed|p1a: Luffy\n|-damage|p1a: Luffy|52\/100\n|\n|-sideend|p1: Luunacie|move: Tailwind\n|upkeep\n|turn|25\n|\n|t:|1711946388\n|move|p2a: Dragonite|Extreme Speed|p1a: Luffy\n|-damage|p1a: Luffy|26\/100\n|move|p1a: Luffy|Body Slam|p2a: Dragonite\n|-damage|p2a: Dragonite|70\/100\n|\n|upkeep\n|turn|26\n|\n|t:|1711946400\n|move|p2a: Dragonite|Extreme Speed|p1a: Luffy\n|-damage|p1a: Luffy|0 fnt\n|faint|p1a: Luffy\n|\n|upkeep\n|\n|t:|1711946417\n|switch|p1a: Marianne|Clefable, F|100\/100\n|turn|27\n|\n|t:|1711946425\n|move|p2a: Dragonite|Extreme Speed|p1a: Marianne\n|-damage|p1a: Marianne|66\/100\n|move|p1a: Marianne|Reflect|p1a: Marianne\n|-sidestart|p1: Luunacie|Reflect\n|\n|upkeep\n|turn|28\n|\n|t:|1711946436\n|move|p2a: Dragonite|Extreme Speed|p1a: Marianne\n|-damage|p1a: Marianne|47\/100\n|move|p1a: Marianne|Psychic|p2a: Dragonite\n|-damage|p2a: Dragonite|55\/100\n|\n|upkeep\n|turn|29\n|\n|t:|1711946443\n|move|p2a: Dragonite|Extreme Speed|p1a: Marianne\n|-damage|p1a: Marianne|28\/100\n|move|p1a: Marianne|Psychic|p2a: Dragonite\n|-damage|p2a: Dragonite|39\/100\n|\n|upkeep\n|turn|30\n|\n|t:|1711946459\n|switch|p2a: Togekiss|Togekiss, F|100\/100\n|move|p1a: Marianne|Psychic|p2a: Togekiss\n|-damage|p2a: Togekiss|87\/100\n|\n|upkeep\n|turn|31\n|\n|t:|1711946478\n|move|p2a: Togekiss|Air Slash|p1a: Marianne|[miss]\n|-miss|p2a: Togekiss|p1a: Marianne\n|move|p1a: Marianne|Light Screen|p1a: Marianne\n|-sidestart|p1: Luunacie|Light Screen\n|\n|upkeep\n|turn|32\n|\n|t:|1711946488\n|switch|p1a: Zoro|Staraptor, M|100\/100\n|-damage|p1a: Zoro|76\/100|[from] Stealth Rock\n|-ability|p1a: Zoro|Intimidate|boost\n|-unboost|p2a: Togekiss|atk|1\n|move|p2a: Togekiss|Air Slash|p1a: Zoro\n|-crit|p1a: Zoro\n|-damage|p1a: Zoro|0 fnt\n|faint|p1a: Zoro\n|\n|upkeep\n|\n|t:|1711946497\n|switch|p1a: Vivi|Alakazam, F|76\/100\n|-damage|p1a: Vivi|64\/100|[from] Stealth Rock\n|-damage|p1a: Vivi|51\/100|[from] Spikes\n|turn|33\n|\n|t:|1711946508\n|move|p1a: Vivi|Psychic|p2a: Togekiss\n|-damage|p2a: Togekiss|25\/100\n|move|p2a: Togekiss|Air Slash|p1a: Vivi\n|-damage|p1a: Vivi|21\/100\n|\n|upkeep\n|turn|34\n|\n|t:|1711946517\n|move|p1a: Vivi|Psychic|p2a: Togekiss\n|-damage|p2a: Togekiss|0 fnt\n|faint|p2a: Togekiss\n|\n|-sideend|p1: Luunacie|Reflect\n|upkeep\n|\n|t:|1711946524\n|switch|p2a: Dragonite|Dragonite, M|39\/100\n|turn|35\n|\n|t:|1711946532\n|move|p1a: Vivi|Psychic|p2a: Dragonite\n|-damage|p2a: Dragonite|0 fnt\n|faint|p2a: Dragonite\n|\n|upkeep\n|\n|t:|1711946537\n|switch|p2a: Hitmonlee|Hitmonlee, M|100\/100\n|turn|36\n|\n|t:|1711946541\n|move|p2a: Hitmonlee|Bullet Punch|p1a: Vivi\n|-damage|p1a: Vivi|0 fnt\n|faint|p1a: Vivi\n|-damage|p2a: Hitmonlee|91\/100|[from] item: Life Orb\n|\n|upkeep\n|\n|t:|1711946548\n|switch|p1a: Marianne|Clefable, F|28\/100\n|turn|37\n|\n|t:|1711946556\n|move|p2a: Hitmonlee|Bullet Punch|p1a: Marianne\n|-damage|p1a: Marianne|11\/100\n|-damage|p2a: Hitmonlee|81\/100|[from] item: Life Orb\n|move|p1a: Marianne|Reflect|p1a: Marianne\n|-sidestart|p1: Luunacie|Reflect\n|\n|upkeep\n|turn|38\n|\n|t:|1711946571\n|move|p2a: Hitmonlee|High Jump Kick|p1a: Marianne\n|-supereffective|p1a: Marianne\n|-damage|p1a: Marianne|0 fnt\n|faint|p1a: Marianne\n|-damage|p2a: Hitmonlee|71\/100|[from] item: Life Orb\n|\n|win|senatormoneyman\n|raw|Luunacie's rating: 1075 &rarr; <strong>1050<\/strong><br \/>(-25 for losing)\n|raw|senatormoneyman's rating: 1017 &rarr; <strong>1061<\/strong><br \/>(+44 for winning)\n","uploadtime":1711946581,"views":2,"formatid":"gen4ou","rating":1050,"private":0,"password":null}