|j|☆hgkbgfxcvc
|j|☆EABL XD
|t:|1711941329
|gametype|singles
|player|p1|hgkbgfxcvc|baker|1000
|player|p2|EABL XD|1|1066
|teamsize|p1|6
|teamsize|p2|6
|gen|4
|tier|[Gen 4] OU
|rated|
|rule|Sleep Clause Mod: Limit one foe put to sleep
|rule|Species Clause: Limit one of each Pokémon
|rule|OHKO Clause: OHKO moves are banned
|rule|Evasion Items Clause: Evasion items are banned
|rule|Evasion Moves Clause: Evasion moves are banned
|rule|Endless Battle Clause: Forcing endless battles is banned
|rule|HP Percentage Mod: HP is shown in percentages
|rule|Evasion Abilities Clause: Evasion abilities are banned
|rule|Baton Pass Stat Trap Clause: No Baton Passer may have a way to boost stats or trap Pokémon
|rule|Freeze Clause Mod: Limit one foe frozen
|
|t:|1711941329
|start
|switch|p1a: Heatran|Heatran, F|100/100
|switch|p2a: Inferver|Infernape, M|100/100
|turn|1
|
|t:|1711941333
|move|p2a: Inferver|Fake Out|p1a: Heatran
|-resisted|p1a: Heatran
|-damage|p1a: Heatran|94/100
|cant|p1a: Heatran|flinch
|
|upkeep
|turn|2
|
|t:|1711941337
|move|p1a: Heatran|Earth Power|p2a: Inferver
|-supereffective|p2a: Inferver
|-damage|p2a: Inferver|1/100
|-enditem|p2a: Inferver|Focus Sash
|move|p2a: Inferver|Stealth Rock|p1a: Heatran
|-sidestart|p1: hgkbgfxcvc|move: Stealth Rock
|
|upkeep
|turn|3
|
|t:|1711941341
|move|p1a: Heatran|Earth Power|p2a: Inferver
|-supereffective|p2a: Inferver
|-damage|p2a: Inferver|0 fnt
|faint|p2a: Inferver
|
|upkeep
|
|t:|1711941345
|switch|p2a: Togorda|Togekiss, F|100/100
|turn|4
|
|t:|1711941348
|switch|p1a: Blissey|Blissey, F|100/100
|-damage|p1a: Blissey|88/100|[from] Stealth Rock
|move|p2a: Togorda|Thunder Wave|p1a: Blissey
|-status|p1a: Blissey|par
|
|-heal|p1a: Blissey|94/100 par|[from] item: Leftovers
|upkeep
|turn|5
|
|t:|1711941356
|-curestatus|p1a: Blissey|par|[from] ability: Natural Cure
|switch|p1a: Heatran|Heatran, F|94/100
|-damage|p1a: Heatran|81/100|[from] Stealth Rock
|move|p2a: Togorda|Air Slash|p1a: Heatran
|-resisted|p1a: Heatran
|-damage|p1a: Heatran|62/100
|
|upkeep
|turn|6
|
|t:|1711941359
|move|p1a: Heatran|Stealth Rock|p2a: Togorda
|-sidestart|p2: EABL XD|move: Stealth Rock
|move|p2a: Togorda|Thunder Wave|p1a: Heatran
|-status|p1a: Heatran|par
|
|upkeep
|turn|7
|
|t:|1711941361
|switch|p1a: Blissey|Blissey, F|94/100
|-damage|p1a: Blissey|82/100|[from] Stealth Rock
|move|p2a: Togorda|Air Slash|p1a: Blissey
|-damage|p1a: Blissey|66/100
|
|-heal|p1a: Blissey|72/100|[from] item: Leftovers
|upkeep
|turn|8
|
|t:|1711941363
|move|p2a: Togorda|Air Slash|p1a: Blissey
|-damage|p1a: Blissey|58/100
|cant|p1a: Blissey|flinch
|
|-heal|p1a: Blissey|64/100|[from] item: Leftovers
|upkeep
|turn|9
|
|t:|1711941368
|move|p2a: Togorda|Air Slash|p1a: Blissey
|-crit|p1a: Blissey
|-damage|p1a: Blissey|36/100
|move|p1a: Blissey|Wish|p1a: Blissey
|
|-heal|p1a: Blissey|42/100|[from] item: Leftovers
|upkeep
|turn|10
|
|t:|1711941374
|move|p2a: Togorda|Thunder Wave|p1a: Blissey
|-status|p1a: Blissey|par
|move|p1a: Blissey|Heal Bell|p1a: Blissey
|-activate|p1a: Blissey|move: Heal Bell
|-curestatus|p1a: Blissey|par|[silent]
|-curestatus|p1: Heatran|par|[silent]
|
|-heal|p1a: Blissey|92/100|[from] move: Wish|[wisher] Blissey
|-heal|p1a: Blissey|98/100|[from] item: Leftovers
|upkeep
|turn|11
|
|t:|1711941382
|move|p1a: Blissey|Protect|p1a: Blissey
|-singleturn|p1a: Blissey|Protect
|move|p2a: Togorda|Ancient Power|p1a: Blissey
|-activate|p1a: Blissey|Protect
|
|-heal|p1a: Blissey|100/100|[from] item: Leftovers
|upkeep
|turn|12
|
|t:|1711941386
|move|p2a: Togorda|Ancient Power|p1a: Blissey
|-damage|p1a: Blissey|92/100
|-boost|p2a: Togorda|atk|1
|-boost|p2a: Togorda|def|1
|-boost|p2a: Togorda|spa|1
|-boost|p2a: Togorda|spd|1
|-boost|p2a: Togorda|spe|1
|move|p1a: Blissey|Wish|p1a: Blissey
|
|-heal|p1a: Blissey|98/100|[from] item: Leftovers
|upkeep
|turn|13
|
|t:|1711941390
|switch|p1a: Heatran|Heatran, F|62/100
|-damage|p1a: Heatran|50/100|[from] Stealth Rock
|move|p2a: Togorda|Ancient Power|p1a: Heatran
|-damage|p1a: Heatran|18/100
|-boost|p2a: Togorda|atk|1
|-boost|p2a: Togorda|def|1
|-boost|p2a: Togorda|spa|1
|-boost|p2a: Togorda|spd|1
|-boost|p2a: Togorda|spe|1
|
|-heal|p1a: Heatran|67/100|[from] move: Wish|[wisher] Blissey
|upkeep
|turn|14
|
|t:|1711941395
|move|p2a: Togorda|Thunder Wave|p1a: Heatran
|-status|p1a: Heatran|par
|cant|p1a: Heatran|par
|
|upkeep
|turn|15
|
|t:|1711941401
|switch|p1a: Blissey|Blissey, F|98/100
|-damage|p1a: Blissey|86/100|[from] Stealth Rock
|move|p2a: Togorda|Air Slash|p1a: Blissey
|-damage|p1a: Blissey|57/100
|
|-heal|p1a: Blissey|63/100|[from] item: Leftovers
|upkeep
|turn|16
|
|t:|1711941404
|move|p1a: Blissey|Protect|p1a: Blissey
|-singleturn|p1a: Blissey|Protect
|move|p2a: Togorda|Ancient Power|p1a: Blissey
|-activate|p1a: Blissey|Protect
|
|-heal|p1a: Blissey|69/100|[from] item: Leftovers
|upkeep
|turn|17
|
|t:|1711941407
|move|p2a: Togorda|Ancient Power|p1a: Blissey
|-damage|p1a: Blissey|53/100
|move|p1a: Blissey|Wish|p1a: Blissey
|
|-heal|p1a: Blissey|59/100|[from] item: Leftovers
|upkeep
|turn|18
|
|t:|1711941411
|move|p2a: Togorda|Ancient Power|p1a: Blissey
|-damage|p1a: Blissey|42/100
|move|p1a: Blissey|Seismic Toss|p2a: Togorda
|-damage|p2a: Togorda|68/100
|
|-heal|p1a: Blissey|92/100|[from] move: Wish|[wisher] Blissey
|-heal|p1a: Blissey|98/100|[from] item: Leftovers
|upkeep
|turn|19
|
|t:|1711941416
|move|p2a: Togorda|Thunder Wave|p1a: Blissey
|-status|p1a: Blissey|par
|cant|p1a: Blissey|par
|
|-heal|p1a: Blissey|100/100 par|[from] item: Leftovers
|upkeep
|turn|20
|
|t:|1711941419
|-curestatus|p1a: Blissey|par|[from] ability: Natural Cure
|switch|p1a: Heatran|Heatran, F|67/100 par
|-damage|p1a: Heatran|55/100 par|[from] Stealth Rock
|move|p2a: Togorda|Ancient Power|p1a: Heatran
|-damage|p1a: Heatran|14/100 par
|
|upkeep
|turn|21
|
|t:|1711941421
|move|p2a: Togorda|Ancient Power|p1a: Heatran
|-damage|p1a: Heatran|0 fnt
|-boost|p2a: Togorda|atk|1
|-boost|p2a: Togorda|def|1
|-boost|p2a: Togorda|spa|1
|-boost|p2a: Togorda|spd|1
|-boost|p2a: Togorda|spe|1
|faint|p1a: Heatran
|
|upkeep
|
|t:|1711941424
|switch|p1a: Blissey|Blissey, F|100/100
|-damage|p1a: Blissey|88/100|[from] Stealth Rock
|turn|22
|
|t:|1711941428
|move|p2a: Togorda|Air Slash|p1a: Blissey
|-damage|p1a: Blissey|49/100
|move|p1a: Blissey|Seismic Toss|p2a: Togorda
|-damage|p2a: Togorda|36/100
|
|-heal|p1a: Blissey|56/100|[from] item: Leftovers
|upkeep
|turn|23
|
|t:|1711941433
|move|p2a: Togorda|Air Slash|p1a: Blissey
|-damage|p1a: Blissey|21/100
|move|p1a: Blissey|Seismic Toss|p2a: Togorda
|-damage|p2a: Togorda|4/100
|
|-heal|p1a: Blissey|27/100|[from] item: Leftovers
|upkeep
|turn|24
|
|t:|1711941438
|move|p1a: Blissey|Protect|p1a: Blissey
|-singleturn|p1a: Blissey|Protect
|move|p2a: Togorda|Air Slash|p1a: Blissey
|-activate|p1a: Blissey|Protect
|
|-heal|p1a: Blissey|33/100|[from] item: Leftovers
|upkeep
|turn|25
|
|t:|1711941440
|move|p2a: Togorda|Air Slash|p1a: Blissey
|-damage|p1a: Blissey|0 fnt
|faint|p1a: Blissey
|
|upkeep
|-message|hgkbgfxcvc forfeited.
|
|win|EABL XD
|raw|hgkbgfxcvc's rating: 1000 &rarr; <strong>1000</strong><br />(+0 for losing)
|raw|EABL XD's rating: 1066 &rarr; <strong>1090</strong><br />(+24 for winning)
|l|☆hgkbgfxcvc
|player|p1|
