{"id":"gen9uu-2093372384","format":"[Gen 9] UU","players":["thankyoubrother","ppupquqwqequ"],"log":"|j|\u2606thankyoubrother\n|j|\u2606ppupquqwqequ\n|t:|1711946340\n|gametype|singles\n|player|p1|thankyoubrother|cynthia-gen4|1103\n|player|p2|ppupquqwqequ|101|1256\n|teamsize|p1|6\n|teamsize|p2|6\n|gen|9\n|tier|[Gen 9] UU\n|rated|\n|rule|Species Clause: Limit one of each Pok\u00e9mon\n|rule|OHKO Clause: OHKO moves are banned\n|rule|Evasion Items Clause: Evasion items are banned\n|rule|Evasion Moves Clause: Evasion moves are banned\n|rule|Endless Battle Clause: Forcing endless battles is banned\n|rule|HP Percentage Mod: HP is shown in percentages\n|rule|Sleep Moves Clause: Sleep-inducing moves are banned\n|clearpoke\n|poke|p1|Tyranitar, M|\n|poke|p1|Excadrill, M|\n|poke|p1|Latios, M|\n|poke|p1|Mamoswine, M|\n|poke|p1|Slowking, M|\n|poke|p1|Hydrapple, M|\n|poke|p2|Lokix, F|\n|poke|p2|Rotom-Wash|\n|poke|p2|Skeledirge, M|\n|poke|p2|Toxapex, M|\n|poke|p2|Sinistcha|\n|poke|p2|Excadrill, M|\n|teampreview\n|inactive|Battle timer is ON: inactive players will automatically lose when time's up. (requested by ppupquqwqequ)\n|\n|t:|1711946356\n|start\n|switch|p1a: Tyranitar|Tyranitar, M|100\/100\n|switch|p2a: Lokix|Lokix, F|100\/100\n|-weather|Sandstorm|[from] ability: Sand Stream|[of] p1a: Tyranitar\n|turn|1\n|\n|t:|1711946370\n|-terastallize|p2a: Lokix|Bug\n|move|p2a: Lokix|First Impression|p1a: Tyranitar\n|-supereffective|p1a: Tyranitar\n|-damage|p1a: Tyranitar|0 fnt\n|faint|p1a: Tyranitar\n|\n|-weather|Sandstorm|[upkeep]\n|-damage|p2a: Lokix|95\/100|[from] Sandstorm\n|upkeep\n|\n|t:|1711946388\n|switch|p1a: Excadrill|Excadrill, M, shiny|100\/100\n|turn|2\n|\n|t:|1711946398\n|switch|p2a: Rotom|Rotom-Wash|100\/100\n|move|p1a: Excadrill|Swords Dance|p1a: Excadrill\n|-boost|p1a: Excadrill|atk|2\n|\n|-weather|Sandstorm|[upkeep]\n|-damage|p2a: Rotom|94\/100|[from] Sandstorm\n|upkeep\n|turn|3\n|\n|t:|1711946416\n|move|p1a: Excadrill|Iron Head|p2a: Rotom\n|-resisted|p2a: Rotom\n|-damage|p2a: Rotom|72\/100\n|cant|p2a: Rotom|flinch\n|\n|-weather|Sandstorm|[upkeep]\n|-damage|p2a: Rotom|65\/100|[from] Sandstorm\n|upkeep\n|turn|4\n|inactive|thankyoubrother has 120 seconds left.\n|\n|t:|1711946465\n|switch|p1a: Latios|Latios, M, shiny|100\/100\n|move|p2a: Rotom|Will-O-Wisp|p1a: Latios|[miss]\n|-miss|p2a: Rotom|p1a: Latios\n|\n|-weather|Sandstorm|[upkeep]\n|-damage|p1a: Latios|95\/100|[from] Sandstorm\n|-damage|p2a: Rotom|59\/100|[from] Sandstorm\n|upkeep\n|turn|5\n|\n|t:|1711946490\n|move|p1a: Latios|Draco Meteor|p2a: Rotom\n|-damage|p2a: Rotom|5\/100\n|-unboost|p1a: Latios|spa|2\n|-enditem|p2a: Rotom|Aguav Berry|[eat]\n|-heal|p2a: Rotom|39\/100|[from] item: Aguav Berry\n|move|p2a: Rotom|Pain Split|p1a: Latios\n|-sethp|p1a: Latios|67\/100|[from] move: Pain Split|[silent]\n|-sethp|p2a: Rotom|66\/100|[from] move: Pain Split\n|\n|-weather|Sandstorm|[upkeep]\n|-damage|p1a: Latios|61\/100|[from] Sandstorm\n|-damage|p2a: Rotom|60\/100|[from] Sandstorm\n|upkeep\n|turn|6\n|\n|t:|1711946503\n|switch|p1a: Hydrapple|Hydrapple, M|100\/100\n|move|p2a: Rotom|Thunder Wave|p1a: Hydrapple\n|-status|p1a: Hydrapple|par\n|\n|-weather|Sandstorm|[upkeep]\n|-damage|p2a: Rotom|53\/100|[from] Sandstorm\n|-damage|p1a: Hydrapple|94\/100 par|[from] Sandstorm\n|upkeep\n|turn|7\n|\n|t:|1711946516\n|move|p2a: Rotom|Pain Split|p1a: Hydrapple\n|-sethp|p1a: Hydrapple|67\/100 par|[from] move: Pain Split|[silent]\n|-sethp|p2a: Rotom|91\/100|[from] move: Pain Split\n|move|p1a: Hydrapple|Infestation|p2a: Rotom\n|-damage|p2a: Rotom|85\/100\n|-activate|p2a: Rotom|move: Infestation|[of] p1a: Hydrapple\n|\n|-weather|Sandstorm|[upkeep]\n|-damage|p2a: Rotom|79\/100|[from] Sandstorm\n|-damage|p1a: Hydrapple|61\/100 par|[from] Sandstorm\n|-damage|p2a: Rotom|66\/100|[from] move: Infestation|[partiallytrapped]\n|upkeep\n|turn|8\n|\n|t:|1711946529\n|move|p2a: Rotom|Volt Switch|p1a: Hydrapple\n|-resisted|p1a: Hydrapple\n|-damage|p1a: Hydrapple|56\/100 par\n|\n|t:|1711946542\n|switch|p2a: Skeledirge|Skeledirge, M|100\/100|[from] Volt Switch\n|move|p1a: Hydrapple|Fickle Beam|p2a: Skeledirge|[anim] Fickle Beam All Out\n|-activate|p1a: Hydrapple|move: Fickle Beam\n|-damage|p2a: Skeledirge|36\/100\n|\n|-weather|none\n|-heal|p2a: Skeledirge|42\/100|[from] item: Leftovers\n|upkeep\n|turn|9\n|inactive|thankyoubrother has 120 seconds left.\n|\n|t:|1711946562\n|switch|p1a: Slowking|Slowking, M, shiny|100\/100\n|move|p2a: Skeledirge|Torch Song|p1a: Slowking\n|-resisted|p1a: Slowking\n|-damage|p1a: Slowking|89\/100\n|-boost|p2a: Skeledirge|spa|1\n|\n|-heal|p2a: Skeledirge|49\/100|[from] item: Leftovers\n|upkeep\n|turn|10\n|\n|t:|1711946572\n|move|p2a: Skeledirge|Shadow Ball|p1a: Slowking\n|-supereffective|p1a: Slowking\n|-damage|p1a: Slowking|21\/100\n|move|p1a: Slowking|Thunder Wave|p2a: Skeledirge\n|-status|p2a: Skeledirge|par\n|\n|-heal|p2a: Skeledirge|55\/100 par|[from] item: Leftovers\n|upkeep\n|turn|11\n|inactive|thankyoubrother has 120 seconds left.\n|\n|t:|1711946601\n|switch|p1a: Hydrapple|Hydrapple, M|89\/100 par\n|switch|p2a: Sinistcha|Sinistcha|100\/100\n|\n|upkeep\n|turn|12\n|\n|t:|1711946611\n|move|p2a: Sinistcha|Strength Sap|p1a: Hydrapple\n|-unboost|p1a: Hydrapple|atk|1\n|cant|p1a: Hydrapple|par\n|\n|upkeep\n|turn|13\n|\n|t:|1711946618\n|move|p2a: Sinistcha|Curse|p1a: Hydrapple\n|-start|p1a: Hydrapple|Curse|[of] p2a: Sinistcha\n|-damage|p2a: Sinistcha|50\/100\n|cant|p1a: Hydrapple|par\n|\n|-damage|p1a: Hydrapple|65\/100 par|[from] Curse\n|upkeep\n|turn|14\n|inactive|thankyoubrother has 120 seconds left.\n|\n|t:|1711946627\n|move|p2a: Sinistcha|Strength Sap|p1a: Hydrapple\n|-unboost|p1a: Hydrapple|atk|1\n|-heal|p2a: Sinistcha|79\/100\n|cant|p1a: Hydrapple|par\n|\n|-damage|p1a: Hydrapple|40\/100 par|[from] Curse\n|upkeep\n|turn|15\n|\n|t:|1711946636\n|switch|p1a: Latios|Latios, M, shiny|61\/100\n|move|p2a: Sinistcha|Strength Sap|p1a: Latios\n|-unboost|p1a: Latios|atk|1\n|-heal|p2a: Sinistcha|100\/100\n|\n|upkeep\n|turn|16\n|\n|t:|1711946644\n|-terastallize|p1a: Latios|Fire\n|move|p1a: Latios|Tera Blast|p2a: Sinistcha|[anim] Tera Blast Fire\n|-supereffective|p2a: Sinistcha\n|-damage|p2a: Sinistcha|62\/100\n|move|p2a: Sinistcha|Curse|p1a: Latios\n|-start|p1a: Latios|Curse|[of] p2a: Sinistcha\n|-damage|p2a: Sinistcha|12\/100\n|\n|-damage|p1a: Latios|36\/100|[from] Curse\n|upkeep\n|turn|17\n|\n|t:|1711946656\n|switch|p2a: Toxapex|Toxapex, M|100\/100\n|move|p1a: Latios|Tera Blast|p2a: Toxapex|[anim] Tera Blast Fire\n|-resisted|p2a: Toxapex\n|-damage|p2a: Toxapex|83\/100\n|\n|-heal|p2a: Toxapex|89\/100|[from] item: Black Sludge\n|-damage|p1a: Latios|11\/100|[from] Curse\n|upkeep\n|turn|18\n|\n|t:|1711946673\n|switch|p1a: Hydrapple|Hydrapple, M|73\/100 par\n|move|p2a: Toxapex|Recover|p2a: Toxapex\n|-heal|p2a: Toxapex|100\/100\n|\n|upkeep\n|turn|19\n|\n|t:|1711946684\n|switch|p2a: Sinistcha|Sinistcha|12\/100\n|move|p1a: Hydrapple|Earth Power|p2a: Sinistcha\n|-resisted|p2a: Sinistcha\n|-damage|p2a: Sinistcha|0 fnt\n|faint|p2a: Sinistcha\n|\n|upkeep\n|\n|t:|1711946692\n|switch|p2a: Lokix|Lokix, F, tera:Bug|95\/100\n|turn|20\n|\n|t:|1711946719\n|switch|p1a: Excadrill|Excadrill, M, shiny|100\/100\n|move|p2a: Lokix|First Impression|p1a: Excadrill\n|-resisted|p1a: Excadrill\n|-enditem|p1a: Excadrill|Focus Sash\n|-damage|p1a: Excadrill|1\/100\n|\n|upkeep\n|turn|21\n|\n|t:|1711946730\n|switch|p2a: Rotom|Rotom-Wash|66\/100\n|move|p1a: Excadrill|Iron Head|p2a: Rotom\n|-resisted|p2a: Rotom\n|-damage|p2a: Rotom|55\/100\n|\n|upkeep\n|turn|22\n|\n|t:|1711946738\n|move|p1a: Excadrill|Iron Head|p2a: Rotom\n|-resisted|p2a: Rotom\n|-damage|p2a: Rotom|43\/100\n|move|p2a: Rotom|Will-O-Wisp|p1a: Excadrill|[miss]\n|-miss|p2a: Rotom|p1a: Excadrill\n|\n|upkeep\n|turn|23\n|\n|t:|1711946745\n|move|p1a: Excadrill|Iron Head|p2a: Rotom\n|-resisted|p2a: Rotom\n|-damage|p2a: Rotom|29\/100\n|move|p2a: Rotom|Will-O-Wisp|p1a: Excadrill\n|-status|p1a: Excadrill|brn\n|\n|-damage|p1a: Excadrill|0 fnt|[from] brn\n|faint|p1a: Excadrill\n|upkeep\n|\n|t:|1711946749\n|switch|p1a: Mamoswine|Mamoswine, M|100\/100\n|turn|24\n|\n|t:|1711946757\n|move|p1a: Mamoswine|Trailblaze|p2a: Rotom\n|-supereffective|p2a: Rotom\n|-damage|p2a: Rotom|0 fnt\n|-boost|p1a: Mamoswine|spe|1\n|faint|p2a: Rotom\n|\n|upkeep\n|\n|t:|1711946764\n|switch|p2a: Lokix|Lokix, F, tera:Bug|95\/100\n|turn|25\n|\n|t:|1711946771\n|move|p1a: Mamoswine|Icicle Spear|p2a: Lokix\n|-damage|p2a: Lokix|74\/100\n|-damage|p2a: Lokix|53\/100\n|-damage|p2a: Lokix|33\/100\n|-damage|p2a: Lokix|13\/100\n|-hitcount|p2a: Lokix|4\n|move|p2a: Lokix|Low Kick|p1a: Mamoswine\n|-supereffective|p1a: Mamoswine\n|-damage|p1a: Mamoswine|0 fnt\n|faint|p1a: Mamoswine\n|\n|upkeep\n|-message|thankyoubrother forfeited.\n|\n|win|ppupquqwqequ\n|raw|thankyoubrother's rating: 1103 &rarr; <strong>1088<\/strong><br \/>(-15 for losing)\n|raw|ppupquqwqequ's rating: 1256 &rarr; <strong>1271<\/strong><br \/>(+15 for winning)\n|l|\u2606thankyoubrother\n|player|p1|\n|l|\u2606ppupquqwqequ\n|player|p2|\n","uploadtime":1711946788,"views":0,"formatid":"gen9uu","rating":1088,"private":0,"password":null}