{"id":"gen9uu-2093359848","format":"[Gen 9] UU","players":["KBR-13","KORRIA"],"log":"|j|\u2606KBR-13\n|j|\u2606KORRIA\n|t:|1711944317\n|gametype|singles\n|player|p1|KBR-13|lance|1152\n|player|p2|KORRIA|preschooler|1233\n|teamsize|p1|6\n|teamsize|p2|6\n|gen|9\n|tier|[Gen 9] UU\n|rated|\n|rule|Species Clause: Limit one of each Pok\u00e9mon\n|rule|OHKO Clause: OHKO moves are banned\n|rule|Evasion Items Clause: Evasion items are banned\n|rule|Evasion Moves Clause: Evasion moves are banned\n|rule|Endless Battle Clause: Forcing endless battles is banned\n|rule|HP Percentage Mod: HP is shown in percentages\n|rule|Sleep Moves Clause: Sleep-inducing moves are banned\n|clearpoke\n|poke|p1|Deoxys-Speed|\n|poke|p1|Excadrill, M|\n|poke|p1|Tyranitar, M|\n|poke|p1|Mandibuzz, F|\n|poke|p1|Quaquaval, M|\n|poke|p1|Latios, M|\n|poke|p2|Iron Leaves|\n|poke|p2|Iron Jugulis|\n|poke|p2|Pincurchin, M|\n|poke|p2|Iron Moth|\n|poke|p2|Hawlucha, M|\n|poke|p2|Pikachu, F|\n|teampreview\n|inactive|Battle timer is ON: inactive players will automatically lose when time's up. (requested by KORRIA)\n|\n|t:|1711944326\n|start\n|switch|p1a: Adam|Deoxys-Speed, shiny|100\/100\n|switch|p2a: Pincurchin|Pincurchin, M|100\/100\n|-ability|p1a: Adam|Pressure\n|-fieldstart|move: Electric Terrain|[from] ability: Electric Surge|[of] p2a: Pincurchin\n|turn|1\n|\n|t:|1711944344\n|move|p1a: Adam|Psycho Boost|p2a: Pincurchin\n|-damage|p2a: Pincurchin|10\/100\n|-unboost|p1a: Adam|spa|2\n|-damage|p1a: Adam|91\/100|[from] item: Life Orb\n|move|p2a: Pincurchin|Thunder Wave|p1a: Adam\n|-status|p1a: Adam|par\n|\n|upkeep\n|turn|2\n|\n|t:|1711944362\n|switch|p2a: Iron Jugulis|Iron Jugulis|100\/100\n|-activate|p2a: Iron Jugulis|ability: Quark Drive\n|-start|p2a: Iron Jugulis|quarkdrivespe\n|move|p1a: Adam|Fire Punch|p2a: Iron Jugulis\n|-damage|p2a: Iron Jugulis|72\/100\n|-status|p2a: Iron Jugulis|brn\n|-damage|p1a: Adam|81\/100 par|[from] item: Life Orb\n|\n|-damage|p2a: Iron Jugulis|66\/100 brn|[from] brn\n|upkeep\n|turn|3\n|\n|t:|1711944374\n|switch|p1a: Temp\u00eate Pourpre|Tyranitar, M, shiny|100\/100\n|-weather|Sandstorm|[from] ability: Sand Stream|[of] p1a: Temp\u00eate Pourpre\n|move|p2a: Iron Jugulis|Meteor Beam||[still]\n|-prepare|p2a: Iron Jugulis|Meteor Beam\n|-boost|p2a: Iron Jugulis|spa|1\n|-enditem|p2a: Iron Jugulis|Power Herb\n|-anim|p2a: Iron Jugulis|Meteor Beam|p1a: Temp\u00eate Pourpre\n|-damage|p1a: Temp\u00eate Pourpre|72\/100\n|\n|-weather|Sandstorm|[upkeep]\n|-damage|p2a: Iron Jugulis|59\/100 brn|[from] Sandstorm\n|-damage|p2a: Iron Jugulis|53\/100 brn|[from] brn\n|upkeep\n|turn|4\n|\n|t:|1711944397\n|-end|p2a: Iron Jugulis|Quark Drive|[silent]\n|switch|p2a: Iron Leaves|Iron Leaves|100\/100\n|-activate|p2a: Iron Leaves|ability: Quark Drive\n|-start|p2a: Iron Leaves|quarkdriveatk\n|switch|p1a: Adam|Deoxys-Speed, shiny|81\/100 par\n|-ability|p1a: Adam|Pressure\n|\n|-weather|Sandstorm|[upkeep]\n|-damage|p2a: Iron Leaves|94\/100|[from] Sandstorm\n|-damage|p1a: Adam|74\/100 par|[from] Sandstorm\n|upkeep\n|turn|5\n|\n|t:|1711944411\n|move|p2a: Iron Leaves|Leaf Blade|p1a: Adam\n|-damage|p1a: Adam|0 fnt\n|faint|p1a: Adam\n|\n|-weather|Sandstorm|[upkeep]\n|-damage|p2a: Iron Leaves|88\/100|[from] Sandstorm\n|upkeep\n|\n|t:|1711944422\n|switch|p1a: Latios|Latios, M|100\/100\n|turn|6\n|inactive|KORRIA has 120 seconds left.\n|\n|t:|1711944453\n|move|p1a: Latios|Flip Turn|p2a: Iron Leaves\n|-resisted|p2a: Iron Leaves\n|-damage|p2a: Iron Leaves|82\/100\n|\n|t:|1711944456\n|switch|p1a: Beaut\u00e9 Macabre|Mandibuzz, F, shiny|100\/100|[from] Flip Turn\n|move|p2a: Iron Leaves|Psyblade|p1a: Beaut\u00e9 Macabre\n|-immune|p1a: Beaut\u00e9 Macabre\n|\n|-weather|Sandstorm|[upkeep]\n|-damage|p2a: Iron Leaves|76\/100|[from] Sandstorm\n|upkeep\n|turn|7\n|\n|t:|1711944466\n|-end|p2a: Iron Leaves|Quark Drive|[silent]\n|switch|p2a: Pikachu|Pikachu, F|100\/100\n|move|p1a: Beaut\u00e9 Macabre|Foul Play|p2a: Pikachu\n|-damage|p2a: Pikachu|13\/100\n|\n|-weather|Sandstorm|[upkeep]\n|-damage|p2a: Pikachu|7\/100|[from] Sandstorm\n|upkeep\n|turn|8\n|\n|t:|1711944475\n|switch|p1a: Carnage Pourpre|Excadrill, M, shiny|100\/100\n|move|p2a: Pikachu|Fake Out|p1a: Carnage Pourpre\n|-resisted|p1a: Carnage Pourpre\n|-damage|p1a: Carnage Pourpre|89\/100\n|\n|-weather|Sandstorm|[upkeep]\n|-damage|p2a: Pikachu|1\/100|[from] Sandstorm\n|-fieldend|move: Electric Terrain\n|upkeep\n|turn|9\n|\n|t:|1711944486\n|switch|p1a: Beaut\u00e9 Macabre|Mandibuzz, F, shiny|100\/100\n|move|p2a: Pikachu|Knock Off|p1a: Beaut\u00e9 Macabre\n|-resisted|p1a: Beaut\u00e9 Macabre\n|-damage|p1a: Beaut\u00e9 Macabre|90\/100\n|-damage|p2a: Pikachu|0 fnt|[from] item: Rocky Helmet|[of] p1a: Beaut\u00e9 Macabre\n|faint|p2a: Pikachu\n|\n|-weather|Sandstorm|[upkeep]\n|upkeep\n|\n|t:|1711944504\n|switch|p2a: Pincurchin|Pincurchin, M|10\/100\n|-fieldstart|move: Electric Terrain|[from] ability: Electric Surge|[of] p2a: Pincurchin\n|turn|10\n|\n|t:|1711944513\n|move|p1a: Beaut\u00e9 Macabre|Foul Play|p2a: Pincurchin\n|-damage|p2a: Pincurchin|0 fnt\n|faint|p2a: Pincurchin\n|\n|-weather|none\n|upkeep\n|\n|t:|1711944522\n|switch|p2a: Iron Moth|Iron Moth|100\/100\n|-activate|p2a: Iron Moth|ability: Quark Drive\n|-start|p2a: Iron Moth|quarkdrivespa\n|turn|11\n|\n|t:|1711944528\n|switch|p1a: Temp\u00eate Pourpre|Tyranitar, M, shiny|72\/100\n|-weather|Sandstorm|[from] ability: Sand Stream|[of] p1a: Temp\u00eate Pourpre\n|move|p2a: Iron Moth|Fire Blast|p1a: Temp\u00eate Pourpre\n|-resisted|p1a: Temp\u00eate Pourpre\n|-damage|p1a: Temp\u00eate Pourpre|50\/100\n|-damage|p2a: Iron Moth|91\/100|[from] item: Life Orb\n|\n|-weather|Sandstorm|[upkeep]\n|-damage|p2a: Iron Moth|85\/100|[from] Sandstorm\n|upkeep\n|turn|12\n|\n|t:|1711944542\n|move|p2a: Iron Moth|Energy Ball|p1a: Temp\u00eate Pourpre\n|-supereffective|p1a: Temp\u00eate Pourpre\n|-damage|p1a: Temp\u00eate Pourpre|0 fnt\n|faint|p1a: Temp\u00eate Pourpre\n|-damage|p2a: Iron Moth|75\/100|[from] item: Life Orb\n|\n|-weather|Sandstorm|[upkeep]\n|-damage|p2a: Iron Moth|69\/100|[from] Sandstorm\n|upkeep\n|\n|t:|1711944551\n|switch|p1a: Carnage Pourpre|Excadrill, M, shiny|89\/100\n|turn|13\n|\n|t:|1711944555\n|move|p1a: Carnage Pourpre|Rock Slide|p2a: Iron Moth\n|-supereffective|p2a: Iron Moth\n|-damage|p2a: Iron Moth|0 fnt\n|faint|p2a: Iron Moth\n|-end|p2a: Iron Moth|Quark Drive|[silent]\n|-damage|p1a: Carnage Pourpre|79\/100|[from] item: Life Orb\n|\n|-weather|Sandstorm|[upkeep]\n|upkeep\n|\n|t:|1711944563\n|switch|p2a: Hawlucha|Hawlucha, M|100\/100\n|-enditem|p2a: Hawlucha|Electric Seed\n|-boost|p2a: Hawlucha|def|1|[from] item: Electric Seed\n|turn|14\n|\n|t:|1711944570\n|move|p2a: Hawlucha|High Jump Kick|p1a: Carnage Pourpre\n|-supereffective|p1a: Carnage Pourpre\n|-damage|p1a: Carnage Pourpre|0 fnt\n|faint|p1a: Carnage Pourpre\n|\n|-weather|Sandstorm|[upkeep]\n|-damage|p2a: Hawlucha|94\/100|[from] Sandstorm\n|upkeep\n|\n|t:|1711944584\n|switch|p1a: Beaut\u00e9 Macabre|Mandibuzz, F, shiny|90\/100\n|turn|15\n|\n|t:|1711944599\n|move|p2a: Hawlucha|Taunt|p1a: Beaut\u00e9 Macabre\n|-start|p1a: Beaut\u00e9 Macabre|move: Taunt\n|cant|p1a: Beaut\u00e9 Macabre|move: Taunt|Toxic\n|\n|-weather|Sandstorm|[upkeep]\n|-damage|p2a: Hawlucha|88\/100|[from] Sandstorm\n|upkeep\n|turn|16\n|\n|t:|1711944607\n|move|p2a: Hawlucha|High Jump Kick|p1a: Beaut\u00e9 Macabre\n|-damage|p1a: Beaut\u00e9 Macabre|58\/100\n|-damage|p2a: Hawlucha|72\/100|[from] item: Rocky Helmet|[of] p1a: Beaut\u00e9 Macabre\n|move|p1a: Beaut\u00e9 Macabre|Foul Play|p2a: Hawlucha\n|-resisted|p2a: Hawlucha\n|-damage|p2a: Hawlucha|50\/100\n|\n|-weather|Sandstorm|[upkeep]\n|-damage|p2a: Hawlucha|44\/100|[from] Sandstorm\n|upkeep\n|turn|17\n|\n|t:|1711944622\n|move|p2a: Hawlucha|High Jump Kick|p1a: Beaut\u00e9 Macabre\n|-damage|p1a: Beaut\u00e9 Macabre|25\/100\n|-damage|p2a: Hawlucha|27\/100|[from] item: Rocky Helmet|[of] p1a: Beaut\u00e9 Macabre\n|move|p1a: Beaut\u00e9 Macabre|Foul Play|p2a: Hawlucha\n|-resisted|p2a: Hawlucha\n|-damage|p2a: Hawlucha|8\/100\n|\n|-weather|Sandstorm|[upkeep]\n|-damage|p2a: Hawlucha|2\/100|[from] Sandstorm\n|-end|p1a: Beaut\u00e9 Macabre|move: Taunt\n|-fieldend|move: Electric Terrain\n|upkeep\n|turn|18\n|\n|t:|1711944634\n|move|p2a: Hawlucha|High Jump Kick|p1a: Beaut\u00e9 Macabre\n|-damage|p1a: Beaut\u00e9 Macabre|0 fnt\n|-damage|p2a: Hawlucha|0 fnt|[from] item: Rocky Helmet|[of] p1a: Beaut\u00e9 Macabre\n|faint|p1a: Beaut\u00e9 Macabre\n|faint|p2a: Hawlucha\n|\n|-weather|none\n|upkeep\n|\n|t:|1711944647\n|switch|p2a: Iron Jugulis|Iron Jugulis|53\/100 brn\n|switch|p1a: Latios|Latios, M|100\/100\n|turn|19\n|\n|t:|1711944655\n|move|p1a: Latios|Draco Meteor|p2a: Iron Jugulis\n|-crit|p2a: Iron Jugulis\n|-damage|p2a: Iron Jugulis|0 fnt\n|-unboost|p1a: Latios|spa|2\n|faint|p2a: Iron Jugulis\n|-end|p2a: Iron Jugulis|Quark Drive|[silent]\n|\n|upkeep\n|\n|t:|1711944657\n|switch|p2a: Iron Leaves|Iron Leaves|76\/100\n|turn|20\n|\n|t:|1711944665\n|switch|p1a: Quaquaval|Quaquaval, M|100\/100\n|move|p2a: Iron Leaves|Leaf Blade|p1a: Quaquaval\n|-supereffective|p1a: Quaquaval\n|-damage|p1a: Quaquaval|0 fnt\n|faint|p1a: Quaquaval\n|\n|upkeep\n|\n|t:|1711944673\n|switch|p1a: Latios|Latios, M|100\/100\n|turn|21\n|\n|t:|1711944677\n|-terastallize|p2a: Iron Leaves|Grass\n|move|p1a: Latios|Draco Meteor|p2a: Iron Leaves\n|-damage|p2a: Iron Leaves|23\/100\n|-unboost|p1a: Latios|spa|2\n|move|p2a: Iron Leaves|Leaf Blade|p1a: Latios\n|-resisted|p1a: Latios\n|-damage|p1a: Latios|56\/100\n|\n|upkeep\n|turn|22\n|\n|t:|1711944688\n|-terastallize|p1a: Latios|Psychic\n|move|p1a: Latios|Luster Purge|p2a: Iron Leaves\n|-damage|p2a: Iron Leaves|0 fnt\n|faint|p2a: Iron Leaves\n|-end|p2a: Iron Leaves|Quark Drive|[silent]\n|\n|win|KBR-13\n|raw|KBR-13's rating: 1152 &rarr; <strong>1183<\/strong><br \/>(+31 for winning)\n|raw|KORRIA's rating: 1233 &rarr; <strong>1202<\/strong><br \/>(-31 for losing)\n|l|\u2606KORRIA\n|player|p2|\n|l|\u2606KBR-13\n|player|p1|\n","uploadtime":1711945002,"views":0,"formatid":"gen9uu","rating":1183,"private":0,"password":null}