|j|☆IronM0th
|j|☆xdcvhgbhn
|t:|1711945483
|gametype|singles
|player|p1|IronM0th|170|1176
|player|p2|xdcvhgbhn|266|1133
|teamsize|p1|6
|teamsize|p2|6
|gen|9
|tier|[Gen 9] UU
|rated|
|rule|Species Clause: Limit one of each Pokémon
|rule|OHKO Clause: OHKO moves are banned
|rule|Evasion Items Clause: Evasion items are banned
|rule|Evasion Moves Clause: Evasion moves are banned
|rule|Endless Battle Clause: Forcing endless battles is banned
|rule|HP Percentage Mod: HP is shown in percentages
|rule|Sleep Moves Clause: Sleep-inducing moves are banned
|clearpoke
|poke|p1|Iron Leaves|
|poke|p1|Sandy Shocks|
|poke|p1|Kommo-o, M|
|poke|p1|Iron Moth|
|poke|p1|Mandibuzz, F|
|poke|p1|Slowking, M|
|poke|p2|Mandibuzz, F|
|poke|p2|Hippowdon, F|
|poke|p2|Skeledirge, M|
|poke|p2|Slowking, F|
|poke|p2|Latios, M|
|poke|p2|Ogerpon, F|
|teampreview
|
|t:|1711945514
|start
|switch|p1a: Slowking|Slowking, M|100/100
|switch|p2a: Mandibuzz|Mandibuzz, F|100/100
|turn|1
|inactive|Battle timer is ON: inactive players will automatically lose when time's up. (requested by IronM0th)
|
|t:|1711945524
|move|p2a: Mandibuzz|Toxic|p1a: Slowking
|-status|p1a: Slowking|tox
|move|p1a: Slowking|Thunder Wave|p2a: Mandibuzz
|-status|p2a: Mandibuzz|par
|
|-damage|p1a: Slowking|94/100 tox|[from] psn
|upkeep
|turn|2
|
|t:|1711945528
|move|p2a: Mandibuzz|Knock Off|p1a: Slowking
|-supereffective|p1a: Slowking
|-damage|p1a: Slowking|50/100 tox
|-enditem|p1a: Slowking|Heavy-Duty Boots|[from] move: Knock Off|[of] p2a: Mandibuzz
|move|p1a: Slowking|Chilly Reception|p1a: Slowking
|-weather|Snow
|
|t:|1711945543
|switch|p1a: Sandy Shocks|Sandy Shocks|100/100|[from] Chilly Reception
|
|-weather|Snow|[upkeep]
|upkeep
|turn|3
|inactive|xdcvhgbhn has 120 seconds left.
|inactive|xdcvhgbhn has 90 seconds left.
|inactive|xdcvhgbhn has 60 seconds left.
|
|t:|1711945642
|switch|p2a: Hippowdon|Hippowdon, F|100/100
|-weather|Sandstorm|[from] ability: Sand Stream|[of] p2a: Hippowdon
|move|p1a: Sandy Shocks|Stealth Rock|p2a: Hippowdon
|-sidestart|p2: xdcvhgbhn|move: Stealth Rock
|
|-weather|Sandstorm|[upkeep]
|upkeep
|turn|4
|inactive|xdcvhgbhn has 60 seconds left.
|
|t:|1711945651
|-end|p1a: Sandy Shocks|Protosynthesis|[silent]
|switch|p1a: Mandibuzz|Mandibuzz, F|100/100
|move|p2a: Hippowdon|Stealth Rock|p1a: Mandibuzz
|-sidestart|p1: IronM0th|move: Stealth Rock
|
|-weather|Sandstorm|[upkeep]
|upkeep
|turn|5
|
|t:|1711945656
|move|p1a: Mandibuzz|Toxic|p2a: Hippowdon
|-status|p2a: Hippowdon|tox
|move|p2a: Hippowdon|Whirlwind|p1a: Mandibuzz
|drag|p1a: Slowking|Slowking, M|83/100 tox
|-damage|p1a: Slowking|71/100 tox|[from] Stealth Rock
|
|-weather|Sandstorm|[upkeep]
|-damage|p1a: Slowking|64/100 tox|[from] Sandstorm
|-damage|p2a: Hippowdon|94/100 tox|[from] psn
|-damage|p1a: Slowking|58/100 tox|[from] psn
|upkeep
|turn|6
|inactive|xdcvhgbhn has 60 seconds left.
|
|t:|1711945690
|move|p2a: Hippowdon|Earthquake|p1a: Slowking
|-damage|p1a: Slowking|24/100 tox
|move|p1a: Slowking|Chilly Reception|p1a: Slowking
|-weather|Snow
|
|t:|1711945709
|switch|p1a: Kommo-o|Kommo-o, M|100/100|[from] Chilly Reception
|-damage|p1a: Kommo-o|94/100|[from] Stealth Rock
|
|-weather|Snow|[upkeep]
|-heal|p1a: Kommo-o|100/100|[from] item: Leftovers
|-heal|p2a: Hippowdon|100/100 tox|[from] item: Leftovers
|-damage|p2a: Hippowdon|88/100 tox|[from] psn
|upkeep
|turn|7
|inactive|xdcvhgbhn has 60 seconds left.
|inactive|xdcvhgbhn has 30 seconds left.
|inactive|xdcvhgbhn has 20 seconds left.
|
|t:|1711945756
|switch|p2a: Mandibuzz|Mandibuzz, F|100/100 par
|move|p1a: Kommo-o|Dragon Dance|p1a: Kommo-o
|-boost|p1a: Kommo-o|atk|1
|-boost|p1a: Kommo-o|spe|1
|
|-weather|Snow|[upkeep]
|upkeep
|turn|8
|inactive|xdcvhgbhn has 30 seconds left this turn.
|inactive|xdcvhgbhn has 20 seconds left.
|inactive|xdcvhgbhn has 15 seconds left.
|inactive|xdcvhgbhn has 10 seconds left.
|
|t:|1711945779
|move|p1a: Kommo-o|Dragon Dance|p1a: Kommo-o
|-boost|p1a: Kommo-o|atk|1
|-boost|p1a: Kommo-o|spe|1
|move|p2a: Mandibuzz|Toxic|p1a: Kommo-o
|-status|p1a: Kommo-o|tox
|
|-weather|Snow|[upkeep]
|-damage|p1a: Kommo-o|94/100 tox|[from] psn
|upkeep
|turn|9
|inactive|xdcvhgbhn has 20 seconds left this turn.
|inactive|xdcvhgbhn has 15 seconds left.
|
|t:|1711945788
|-terastallize|p1a: Kommo-o|Electric
|move|p1a: Kommo-o|Thunder Punch|p2a: Mandibuzz
|-supereffective|p2a: Mandibuzz
|-damage|p2a: Mandibuzz|21/100 par
|move|p2a: Mandibuzz|Knock Off|p1a: Kommo-o
|-damage|p1a: Kommo-o|70/100 tox
|-enditem|p1a: Kommo-o|Leftovers|[from] move: Knock Off|[of] p2a: Mandibuzz
|
|-weather|Snow|[upkeep]
|-damage|p1a: Kommo-o|58/100 tox|[from] psn
|upkeep
|turn|10
|inactive|xdcvhgbhn has 25 seconds left this turn.
|inactive|xdcvhgbhn has 20 seconds left.
|inactive|xdcvhgbhn has 15 seconds left.
|
|t:|1711945799
|switch|p2a: Hippowdon|Hippowdon, F|88/100 tox
|-damage|p2a: Hippowdon|82/100 tox|[from] Stealth Rock
|-weather|Sandstorm|[from] ability: Sand Stream|[of] p2a: Hippowdon
|move|p1a: Kommo-o|Drain Punch|p2a: Hippowdon
|-damage|p2a: Hippowdon|38/100 tox
|-heal|p1a: Kommo-o|90/100 tox|[from] drain|[of] p2a: Hippowdon
|
|-weather|Sandstorm|[upkeep]
|-damage|p1a: Kommo-o|84/100 tox|[from] Sandstorm
|-heal|p2a: Hippowdon|44/100 tox|[from] item: Leftovers
|-damage|p1a: Kommo-o|65/100 tox|[from] psn
|-damage|p2a: Hippowdon|38/100 tox|[from] psn
|upkeep
|turn|11
|inactive|xdcvhgbhn has 25 seconds left this turn.
|inactive|xdcvhgbhn has 20 seconds left.
|
|t:|1711945809
|switch|p2a: Skeledirge|Skeledirge, M|100/100
|move|p1a: Kommo-o|Drain Punch|p2a: Skeledirge
|-immune|p2a: Skeledirge
|
|-weather|Sandstorm|[upkeep]
|-damage|p1a: Kommo-o|59/100 tox|[from] Sandstorm
|-damage|p2a: Skeledirge|94/100|[from] Sandstorm
|-damage|p1a: Kommo-o|34/100 tox|[from] psn
|upkeep
|turn|12
|inactive|xdcvhgbhn has 30 seconds left this turn.
|
|t:|1711945817
|move|p1a: Kommo-o|Thunder Punch|p2a: Skeledirge
|-damage|p2a: Skeledirge|73/100
|-status|p2a: Skeledirge|par
|cant|p2a: Skeledirge|par
|
|-weather|Sandstorm|[upkeep]
|-damage|p1a: Kommo-o|28/100 tox|[from] Sandstorm
|-damage|p2a: Skeledirge|66/100 par|[from] Sandstorm
|-damage|p1a: Kommo-o|0 fnt|[from] psn
|faint|p1a: Kommo-o
|upkeep
|inactive|xdcvhgbhn has 30 seconds left this turn.
|
|t:|1711945825
|switch|p1a: Mandibuzz|Mandibuzz, F|100/100
|turn|13
|
|t:|1711945834
|switch|p2a: Mandibuzz|Mandibuzz, F|21/100 par
|move|p1a: Mandibuzz|Foul Play|p2a: Mandibuzz
|-resisted|p2a: Mandibuzz
|-damage|p2a: Mandibuzz|14/100 par
|
|-weather|Sandstorm|[upkeep]
|upkeep
|turn|14
|
|t:|1711945841
|move|p1a: Mandibuzz|Foul Play|p2a: Mandibuzz
|-resisted|p2a: Mandibuzz
|-damage|p2a: Mandibuzz|7/100 par
|move|p2a: Mandibuzz|Roost|p2a: Mandibuzz
|-heal|p2a: Mandibuzz|57/100 par
|-singleturn|p2a: Mandibuzz|move: Roost
|
|-weather|none
|upkeep
|turn|15
|
|t:|1711945849
|move|p1a: Mandibuzz|Foul Play|p2a: Mandibuzz
|-resisted|p2a: Mandibuzz
|-damage|p2a: Mandibuzz|50/100 par
|cant|p2a: Mandibuzz|par
|
|upkeep
|turn|16
|
|t:|1711945857
|switch|p1a: Sandy Shocks|Sandy Shocks|100/100
|move|p2a: Mandibuzz|Roost|p2a: Mandibuzz
|-heal|p2a: Mandibuzz|99/100 par
|-singleturn|p2a: Mandibuzz|move: Roost
|
|upkeep
|turn|17
|
|t:|1711945866
|switch|p2a: Hippowdon|Hippowdon, F|38/100 tox
|-damage|p2a: Hippowdon|31/100 tox|[from] Stealth Rock
|-weather|Sandstorm|[from] ability: Sand Stream|[of] p2a: Hippowdon
|move|p1a: Sandy Shocks|Volt Switch|p2a: Hippowdon
|-immune|p2a: Hippowdon
|
|-weather|Sandstorm|[upkeep]
|-heal|p2a: Hippowdon|38/100 tox|[from] item: Leftovers
|-damage|p2a: Hippowdon|31/100 tox|[from] psn
|upkeep
|turn|18
|inactive|xdcvhgbhn has 60 seconds left.
|
|t:|1711945889
|move|p1a: Sandy Shocks|Earth Power|p2a: Hippowdon
|-damage|p2a: Hippowdon|0 fnt
|faint|p2a: Hippowdon
|
|-weather|Sandstorm|[upkeep]
|upkeep
|inactive|xdcvhgbhn has 60 seconds left.
|inactive|xdcvhgbhn has 30 seconds left.
|inactive|xdcvhgbhn has 20 seconds left.
|inactive|xdcvhgbhn has 15 seconds left.
|
|t:|1711945939
|switch|p2a: Latios|Latios, M|100/100
|-damage|p2a: Latios|88/100|[from] Stealth Rock
|turn|19
|inactive|xdcvhgbhn has 25 seconds left this turn.
|
|t:|1711945944
|move|p2a: Latios|Draco Meteor|p1a: Sandy Shocks
|-damage|p1a: Sandy Shocks|0 fnt
|-unboost|p2a: Latios|spa|2
|faint|p1a: Sandy Shocks
|-end|p1a: Sandy Shocks|Protosynthesis|[silent]
|
|-weather|Sandstorm|[upkeep]
|-damage|p2a: Latios|82/100|[from] Sandstorm
|upkeep
|inactive|xdcvhgbhn has 30 seconds left this turn.
|
|t:|1711945964
|switch|p1a: Iron Moth|Iron Moth|100/100
|-damage|p1a: Iron Moth|76/100|[from] Stealth Rock
|-enditem|p1a: Iron Moth|Booster Energy
|-activate|p1a: Iron Moth|ability: Quark Drive|[fromitem]
|-start|p1a: Iron Moth|quarkdrivespe
|turn|20
|inactive|xdcvhgbhn has 30 seconds left.
|
|t:|1711945981
|switch|p2a: Slowking|Slowking, F|100/100
|move|p1a: Iron Moth|Dazzling Gleam|p2a: Slowking
|-damage|p2a: Slowking|84/100
|
|-weather|Sandstorm|[upkeep]
|-damage|p1a: Iron Moth|70/100|[from] Sandstorm
|-damage|p2a: Slowking|78/100|[from] Sandstorm
|upkeep
|turn|21
|inactive|xdcvhgbhn has 30 seconds left.
|
|t:|1711945990
|move|p1a: Iron Moth|Energy Ball|p2a: Slowking
|-supereffective|p2a: Slowking
|-damage|p2a: Slowking|39/100
|move|p2a: Slowking|Thunder Wave|p1a: Iron Moth
|-status|p1a: Iron Moth|par
|
|-weather|none
|upkeep
|turn|22
|
|t:|1711946000
|switch|p2a: Mandibuzz|Mandibuzz, F|99/100 par
|cant|p1a: Iron Moth|par
|
|upkeep
|turn|23
|inactive|xdcvhgbhn has 30 seconds left.
|
|t:|1711946018
|move|p1a: Iron Moth|Dazzling Gleam|p2a: Mandibuzz
|-supereffective|p2a: Mandibuzz
|-damage|p2a: Mandibuzz|51/100 par
|cant|p2a: Mandibuzz|par
|
|upkeep
|turn|24
|
|t:|1711946026
|switch|p2a: Skeledirge|Skeledirge, M|66/100 par
|move|p1a: Iron Moth|Fiery Dance|p2a: Skeledirge
|-resisted|p2a: Skeledirge
|-damage|p2a: Skeledirge|48/100 par
|-boost|p1a: Iron Moth|spa|1
|
|upkeep
|turn|25
|
|t:|1711946036
|move|p1a: Iron Moth|Sludge Wave|p2a: Skeledirge
|-resisted|p2a: Skeledirge
|-damage|p2a: Skeledirge|28/100 par
|move|p2a: Skeledirge|Slack Off|p2a: Skeledirge
|-heal|p2a: Skeledirge|78/100 par
|
|upkeep
|turn|26
|
|t:|1711946041
|move|p1a: Iron Moth|Fiery Dance|p2a: Skeledirge
|-resisted|p2a: Skeledirge
|-damage|p2a: Skeledirge|59/100 par
|move|p2a: Skeledirge|Slack Off|p2a: Skeledirge
|-heal|p2a: Skeledirge|100/100 par
|
|upkeep
|turn|27
|
|t:|1711946046
|-end|p1a: Iron Moth|Quark Drive|[silent]
|switch|p1a: Mandibuzz|Mandibuzz, F|100/100
|move|p2a: Skeledirge|Hex|p1a: Mandibuzz
|-resisted|p1a: Mandibuzz
|-damage|p1a: Mandibuzz|90/100
|
|upkeep
|turn|28
|
|t:|1711946051
|switch|p2a: Mandibuzz|Mandibuzz, F|51/100 par
|move|p1a: Mandibuzz|Defog|p2a: Mandibuzz
|-unboost|p2a: Mandibuzz|evasion|1
|-sideend|p2: xdcvhgbhn|Stealth Rock|[from] move: Defog|[of] p1a: Mandibuzz
|-sideend|p1: IronM0th|Stealth Rock|[from] move: Defog|[of] p1a: Mandibuzz
|
|upkeep
|turn|29
|
|t:|1711946062
|move|p1a: Mandibuzz|Foul Play|p2a: Mandibuzz
|-resisted|p2a: Mandibuzz
|-damage|p2a: Mandibuzz|44/100 par
|move|p2a: Mandibuzz|Roost|p2a: Mandibuzz
|-heal|p2a: Mandibuzz|94/100 par
|-singleturn|p2a: Mandibuzz|move: Roost
|
|upkeep
|turn|30
|
|t:|1711946069
|switch|p1a: Slowking|Slowking, M|57/100 tox
|move|p2a: Mandibuzz|Toxic|p1a: Slowking
|-fail|p1a: Slowking|tox
|
|-damage|p1a: Slowking|51/100 tox|[from] psn
|upkeep
|turn|31
|inactive|xdcvhgbhn has 90 seconds left.
|
|t:|1711946078
|move|p2a: Mandibuzz|Knock Off|p1a: Slowking
|-supereffective|p1a: Slowking
|-damage|p1a: Slowking|20/100 tox
|move|p1a: Slowking|Slack Off|p1a: Slowking
|-heal|p1a: Slowking|70/100 tox
|
|-damage|p1a: Slowking|58/100 tox|[from] psn
|upkeep
|turn|32
|inactive|xdcvhgbhn has 90 seconds left.
|
|t:|1711946094
|switch|p2a: Latios|Latios, M|82/100
|move|p1a: Slowking|Chilly Reception|p1a: Slowking
|-weather|Snow
|
|t:|1711946109
|switch|p1a: Mandibuzz|Mandibuzz, F|90/100|[from] Chilly Reception
|
|-weather|Snow|[upkeep]
|upkeep
|turn|33
|inactive|xdcvhgbhn has 90 seconds left.
|
|t:|1711946138
|switch|p2a: Mandibuzz|Mandibuzz, F|94/100 par
|move|p1a: Mandibuzz|Toxic||[still]
|-fail|p1a: Mandibuzz
|
|-weather|Snow|[upkeep]
|upkeep
|turn|34
|
|t:|1711946148
|switch|p1a: Slowking|Slowking, M|91/100 tox
|move|p2a: Mandibuzz|Knock Off|p1a: Slowking
|-supereffective|p1a: Slowking
|-damage|p1a: Slowking|64/100 tox
|
|-weather|Snow|[upkeep]
|-damage|p1a: Slowking|58/100 tox|[from] psn
|upkeep
|turn|35
|
|t:|1711946155
|move|p2a: Mandibuzz|Knock Off|p1a: Slowking
|-supereffective|p1a: Slowking
|-damage|p1a: Slowking|27/100 tox
|move|p1a: Slowking|Scald|p2a: Mandibuzz
|-damage|p2a: Mandibuzz|69/100 par
|
|-weather|Snow|[upkeep]
|-damage|p1a: Slowking|15/100 tox|[from] psn
|upkeep
|turn|36
|inactive|xdcvhgbhn has 90 seconds left.
|
|t:|1711946162
|switch|p1a: Mandibuzz|Mandibuzz, F|90/100
|move|p2a: Mandibuzz|Toxic|p1a: Mandibuzz
|-status|p1a: Mandibuzz|tox
|
|-weather|none
|-damage|p1a: Mandibuzz|83/100 tox|[from] psn
|upkeep
|turn|37
|inactive|xdcvhgbhn has 90 seconds left.
|
|t:|1711946175
|move|p1a: Mandibuzz|Foul Play|p2a: Mandibuzz
|-resisted|p2a: Mandibuzz
|-damage|p2a: Mandibuzz|63/100 par
|move|p2a: Mandibuzz|Knock Off|p1a: Mandibuzz
|-resisted|p1a: Mandibuzz
|-damage|p1a: Mandibuzz|77/100 tox
|-enditem|p1a: Mandibuzz|Heavy-Duty Boots|[from] move: Knock Off|[of] p2a: Mandibuzz
|
|-damage|p1a: Mandibuzz|65/100 tox|[from] psn
|upkeep
|turn|38
|inactive|xdcvhgbhn has 90 seconds left.
|
|t:|1711946187
|move|p1a: Mandibuzz|Foul Play|p2a: Mandibuzz
|-resisted|p2a: Mandibuzz
|-damage|p2a: Mandibuzz|56/100 par
|move|p2a: Mandibuzz|Roost|p2a: Mandibuzz
|-heal|p2a: Mandibuzz|100/100 par
|-singleturn|p2a: Mandibuzz|move: Roost
|
|-damage|p1a: Mandibuzz|46/100 tox|[from] psn
|upkeep
|turn|39
|
|t:|1711946197
|move|p1a: Mandibuzz|Roost|p1a: Mandibuzz
|-heal|p1a: Mandibuzz|96/100 tox
|-singleturn|p1a: Mandibuzz|move: Roost
|move|p2a: Mandibuzz|Knock Off|p1a: Mandibuzz
|-resisted|p1a: Mandibuzz
|-damage|p1a: Mandibuzz|92/100 tox
|
|-damage|p1a: Mandibuzz|68/100 tox|[from] psn
|upkeep
|turn|40
|
|t:|1711946215
|switch|p1a: Iron Moth|Iron Moth|70/100 par
|move|p2a: Mandibuzz|Knock Off|p1a: Iron Moth
|-damage|p1a: Iron Moth|48/100 par
|
|upkeep
|turn|41
|
|t:|1711946224
|switch|p2a: Skeledirge|Skeledirge, M|100/100 par
|move|p1a: Iron Moth|Dazzling Gleam|p2a: Skeledirge
|-resisted|p2a: Skeledirge
|-damage|p2a: Skeledirge|89/100 par
|
|upkeep
|turn|42
|-message|IronM0th forfeited.
|
|win|xdcvhgbhn
|raw|IronM0th's rating: 1176 &rarr; <strong>1148</strong><br />(-28 for losing)
|raw|xdcvhgbhn's rating: 1133 &rarr; <strong>1161</strong><br />(+28 for winning)
|l|☆IronM0th
|player|p1|
|l|☆xdcvhgbhn
|player|p2|
