{"id":"gen9uu-2093372919","format":"[Gen 9] UU","players":["Avinatamu","210p inkjet"],"log":"|j|\u2606Avinatamu\n|j|\u2606210p inkjet\n|t:|1711946426\n|gametype|singles\n|player|p1|Avinatamu|266|1158\n|player|p2|210p inkjet|aromalady-gen6|1413\n|teamsize|p1|6\n|teamsize|p2|6\n|gen|9\n|tier|[Gen 9] UU\n|rated|\n|rule|Species Clause: Limit one of each Pok\u00e9mon\n|rule|OHKO Clause: OHKO moves are banned\n|rule|Evasion Items Clause: Evasion items are banned\n|rule|Evasion Moves Clause: Evasion moves are banned\n|rule|Endless Battle Clause: Forcing endless battles is banned\n|rule|HP Percentage Mod: HP is shown in percentages\n|rule|Sleep Moves Clause: Sleep-inducing moves are banned\n|clearpoke\n|poke|p1|Excadrill, F|\n|poke|p1|Hawlucha, F|\n|poke|p1|Indeedee, M|\n|poke|p1|Polteageist|\n|poke|p1|Iron Crown|\n|poke|p1|Mandibuzz, F|\n|poke|p2|Mandibuzz, F|\n|poke|p2|Hydrapple, M|\n|poke|p2|Lokix, M|\n|poke|p2|Rhyperior, F|\n|poke|p2|Empoleon, F|\n|poke|p2|Mienshao, F|\n|teampreview\n|inactive|Battle timer is ON: inactive players will automatically lose when time's up. (requested by Avinatamu)\n|inactive|210p inkjet has 120 seconds left.\n|inactive|210p inkjet has 90 seconds left.\n|\n|t:|1711946509\n|start\n|switch|p1a: Excadrill|Excadrill, F|100\/100\n|switch|p2a: Rhyperior|Rhyperior, F|100\/100\n|-ability|p1a: Excadrill|Mold Breaker\n|turn|1\n|\n|t:|1711946537\n|move|p1a: Excadrill|Earthquake|p2a: Rhyperior\n|-supereffective|p2a: Rhyperior\n|-damage|p2a: Rhyperior|38\/100\n|move|p2a: Rhyperior|Earthquake|p1a: Excadrill\n|-supereffective|p1a: Excadrill\n|-enditem|p1a: Excadrill|Focus Sash\n|-damage|p1a: Excadrill|1\/100\n|\n|-heal|p2a: Rhyperior|44\/100|[from] item: Leftovers\n|upkeep\n|turn|2\n|\n|t:|1711946548\n|switch|p2a: Mandibuzz|Mandibuzz, F|100\/100\n|move|p1a: Excadrill|Earthquake|p2a: Mandibuzz\n|-immune|p2a: Mandibuzz\n|\n|upkeep\n|turn|3\n|\n|t:|1711946561\n|switch|p1a: Iron Crown|Iron Crown|100\/100\n|-enditem|p1a: Iron Crown|Booster Energy\n|-activate|p1a: Iron Crown|ability: Quark Drive|[fromitem]\n|-start|p1a: Iron Crown|quarkdrivespe\n|move|p2a: Mandibuzz|U-turn|p1a: Iron Crown\n|-crit|p1a: Iron Crown\n|-damage|p1a: Iron Crown|84\/100\n|\n|t:|1711946569\n|switch|p2a: Empoleon|Empoleon, F|100\/100|[from] U-turn\n|\n|upkeep\n|turn|4\n|\n|t:|1711946574\n|move|p1a: Iron Crown|Focus Blast|p2a: Empoleon\n|-supereffective|p2a: Empoleon\n|-damage|p2a: Empoleon|54\/100\n|move|p2a: Empoleon|Flip Turn|p1a: Iron Crown\n|-damage|p1a: Iron Crown|67\/100\n|\n|t:|1711946582\n|switch|p2a: Mienshao|Mienshao, F|100\/100|[from] Flip Turn\n|\n|upkeep\n|turn|5\n|inactive|210p inkjet has 120 seconds left.\n|\n|t:|1711946605\n|move|p2a: Mienshao|U-turn|p1a: Iron Crown\n|-damage|p1a: Iron Crown|42\/100\n|\n|t:|1711946610\n|switch|p2a: Mandibuzz|Mandibuzz, F|100\/100|[from] U-turn\n|move|p1a: Iron Crown|Expanding Force|p2a: Mandibuzz\n|-immune|p2a: Mandibuzz\n|\n|upkeep\n|turn|6\n|\n|t:|1711946620\n|move|p1a: Iron Crown|Calm Mind|p1a: Iron Crown\n|-boost|p1a: Iron Crown|spa|1\n|-boost|p1a: Iron Crown|spd|1\n|move|p2a: Mandibuzz|Foul Play|p1a: Iron Crown\n|-supereffective|p1a: Iron Crown\n|-damage|p1a: Iron Crown|2\/100\n|\n|upkeep\n|turn|7\n|\n|t:|1711946635\n|move|p1a: Iron Crown|Tachyon Cutter|p2a: Mandibuzz\n|-damage|p2a: Mandibuzz|73\/100\n|-damage|p2a: Mandibuzz|40\/100\n|-hitcount|p2a: Mandibuzz|2\n|move|p2a: Mandibuzz|Foul Play|p1a: Iron Crown\n|-supereffective|p1a: Iron Crown\n|-damage|p1a: Iron Crown|0 fnt\n|faint|p1a: Iron Crown\n|-end|p1a: Iron Crown|Quark Drive|[silent]\n|\n|upkeep\n|\n|t:|1711946648\n|switch|p1a: Excadrill|Excadrill, F|1\/100\n|-ability|p1a: Excadrill|Mold Breaker\n|turn|8\n|\n|t:|1711946659\n|move|p1a: Excadrill|Rock Tomb|p2a: Mandibuzz|[miss]\n|-miss|p1a: Excadrill|p2a: Mandibuzz\n|move|p2a: Mandibuzz|Roost|p2a: Mandibuzz\n|-heal|p2a: Mandibuzz|91\/100\n|-singleturn|p2a: Mandibuzz|move: Roost\n|\n|upkeep\n|turn|9\n|\n|t:|1711946669\n|switch|p2a: Hydrapple|Hydrapple, M|100\/100\n|move|p1a: Excadrill|Stealth Rock|p2a: Hydrapple\n|-sidestart|p2: 210p inkjet|move: Stealth Rock\n|\n|upkeep\n|turn|10\n|\n|t:|1711946680\n|move|p1a: Excadrill|Rock Tomb|p2a: Hydrapple\n|-damage|p2a: Hydrapple|85\/100\n|-unboost|p2a: Hydrapple|spe|1\n|move|p2a: Hydrapple|Giga Drain|p1a: Excadrill\n|-damage|p1a: Excadrill|0 fnt\n|-heal|p2a: Hydrapple|85\/100|[from] drain|[of] p1a: Excadrill\n|faint|p1a: Excadrill\n|\n|upkeep\n|\n|t:|1711946694\n|switch|p1a: Hawlucha|Hawlucha, F|100\/100\n|turn|11\n|\n|t:|1711946708\n|move|p1a: Hawlucha|Acrobatics|p2a: Hydrapple\n|-supereffective|p2a: Hydrapple\n|-damage|p2a: Hydrapple|51\/100\n|move|p2a: Hydrapple|Fickle Beam|p1a: Hawlucha\n|-damage|p1a: Hawlucha|31\/100\n|\n|upkeep\n|turn|12\n|\n|t:|1711946717\n|move|p1a: Hawlucha|Acrobatics|p2a: Hydrapple\n|-supereffective|p2a: Hydrapple\n|-damage|p2a: Hydrapple|16\/100\n|move|p2a: Hydrapple|Fickle Beam|p1a: Hawlucha|[anim] Fickle Beam All Out\n|-activate|p2a: Hydrapple|move: Fickle Beam\n|-damage|p1a: Hawlucha|0 fnt\n|faint|p1a: Hawlucha\n|\n|upkeep\n|\n|t:|1711946731\n|switch|p1a: Polteageist|Polteageist|100\/100\n|turn|13\n|\n|t:|1711946737\n|move|p1a: Polteageist|Shadow Ball|p2a: Hydrapple\n|-damage|p2a: Hydrapple|0 fnt\n|faint|p2a: Hydrapple\n|\n|upkeep\n|\n|t:|1711946753\n|switch|p2a: Mienshao|Mienshao, F|100\/100\n|-damage|p2a: Mienshao|95\/100|[from] Stealth Rock\n|turn|14\n|\n|t:|1711946762\n|move|p2a: Mienshao|Knock Off|p1a: Polteageist\n|-supereffective|p1a: Polteageist\n|-enditem|p1a: Polteageist|Focus Sash\n|-damage|p1a: Polteageist|1\/100\n|-ability|p1a: Polteageist|Weak Armor|boost\n|-unboost|p1a: Polteageist|def|1\n|-boost|p1a: Polteageist|spe|2\n|move|p1a: Polteageist|Shell Smash|p1a: Polteageist\n|-unboost|p1a: Polteageist|def|1\n|-unboost|p1a: Polteageist|spd|1\n|-boost|p1a: Polteageist|atk|2\n|-boost|p1a: Polteageist|spa|2\n|-boost|p1a: Polteageist|spe|2\n|\n|upkeep\n|turn|15\n|inactive|210p inkjet has 120 seconds left.\n|\n|t:|1711946802\n|switch|p2a: Empoleon|Empoleon, F|54\/100\n|-damage|p2a: Empoleon|48\/100|[from] Stealth Rock\n|move|p1a: Polteageist|Shadow Ball|p2a: Empoleon\n|-damage|p2a: Empoleon|0 fnt\n|faint|p2a: Empoleon\n|\n|upkeep\n|\n|t:|1711946810\n|switch|p2a: Lokix|Lokix, M|100\/100\n|turn|16\n|\n|t:|1711946813\n|switch|p1a: Mandibuzz|Mandibuzz, F|100\/100\n|move|p2a: Lokix|First Impression|p1a: Mandibuzz\n|-damage|p1a: Mandibuzz|75\/100\n|-damage|p2a: Lokix|84\/100|[from] item: Rocky Helmet|[of] p1a: Mandibuzz\n|\n|upkeep\n|turn|17\n|\n|t:|1711946826\n|move|p2a: Lokix|U-turn|p1a: Mandibuzz\n|-damage|p1a: Mandibuzz|54\/100\n|-damage|p2a: Lokix|67\/100|[from] item: Rocky Helmet|[of] p1a: Mandibuzz\n|\n|t:|1711946832\n|switch|p2a: Mandibuzz|Mandibuzz, F|91\/100|[from] U-turn\n|move|p1a: Mandibuzz|Foul Play|p2a: Mandibuzz\n|-resisted|p2a: Mandibuzz\n|-damage|p2a: Mandibuzz|85\/100\n|\n|upkeep\n|turn|18\n|\n|t:|1711946839\n|move|p2a: Mandibuzz|Toxic|p1a: Mandibuzz\n|-status|p1a: Mandibuzz|tox\n|move|p1a: Mandibuzz|Toxic|p2a: Mandibuzz\n|-status|p2a: Mandibuzz|tox\n|\n|-damage|p2a: Mandibuzz|79\/100 tox|[from] psn\n|-damage|p1a: Mandibuzz|48\/100 tox|[from] psn\n|upkeep\n|turn|19\n|\n|t:|1711946855\n|move|p2a: Mandibuzz|U-turn|p1a: Mandibuzz\n|-damage|p1a: Mandibuzz|42\/100 tox\n|-damage|p2a: Mandibuzz|62\/100 tox|[from] item: Rocky Helmet|[of] p1a: Mandibuzz\n|\n|t:|1711946863\n|switch|p2a: Mienshao|Mienshao, F|100\/100|[from] U-turn\n|-damage|p2a: Mienshao|95\/100|[from] Stealth Rock\n|move|p1a: Mandibuzz|Roost|p1a: Mandibuzz\n|-heal|p1a: Mandibuzz|92\/100 tox\n|-singleturn|p1a: Mandibuzz|move: Roost\n|\n|-damage|p1a: Mandibuzz|80\/100 tox|[from] psn\n|upkeep\n|turn|20\n|inactive|210p inkjet has 120 seconds left.\n|\n|t:|1711946885\n|move|p2a: Mienshao|Triple Axel|p1a: Mandibuzz\n|-supereffective|p1a: Mandibuzz\n|-damage|p1a: Mandibuzz|72\/100 tox\n|-damage|p2a: Mienshao|78\/100|[from] item: Rocky Helmet|[of] p1a: Mandibuzz\n|-supereffective|p1a: Mandibuzz\n|-damage|p1a: Mandibuzz|56\/100 tox\n|-damage|p2a: Mienshao|61\/100|[from] item: Rocky Helmet|[of] p1a: Mandibuzz\n|-supereffective|p1a: Mandibuzz\n|-damage|p1a: Mandibuzz|31\/100 tox\n|-damage|p2a: Mienshao|45\/100|[from] item: Rocky Helmet|[of] p1a: Mandibuzz\n|-hitcount|p1a: Mandibuzz|3\n|move|p1a: Mandibuzz|Foul Play|p2a: Mienshao\n|-resisted|p2a: Mienshao\n|-damage|p2a: Mienshao|0 fnt\n|faint|p2a: Mienshao\n|\n|-damage|p1a: Mandibuzz|13\/100 tox|[from] psn\n|upkeep\n|\n|t:|1711946903\n|switch|p2a: Lokix|Lokix, M|67\/100\n|turn|21\n|\n|t:|1711946907\n|move|p2a: Lokix|Knock Off|p1a: Mandibuzz\n|-resisted|p1a: Mandibuzz\n|-damage|p1a: Mandibuzz|0 fnt\n|-damage|p2a: Lokix|51\/100|[from] item: Rocky Helmet|[of] p1a: Mandibuzz\n|-enditem|p1a: Mandibuzz|Rocky Helmet|[from] move: Knock Off|[of] p2a: Lokix\n|faint|p1a: Mandibuzz\n|\n|upkeep\n|\n|t:|1711946911\n|switch|p1a: Indeedee|Indeedee, M|100\/100\n|-fieldstart|move: Psychic Terrain|[from] ability: Psychic Surge|[of] p1a: Indeedee\n|turn|22\n|\n|t:|1711946922\n|move|p1a: Indeedee|Healing Wish|p1a: Indeedee\n|faint|p1a: Indeedee\n|move|p2a: Lokix|Knock Off|p1: Indeedee|[notarget]\n|-fail|p2a: Lokix\n|\n|upkeep\n|\n|t:|1711946927\n|switch|p1a: Polteageist|Polteageist|1\/100\n|-heal|p1a: Polteageist|100\/100|[from] move: Healing Wish\n|turn|23\n|\n|t:|1711946931\n|move|p2a: Lokix|Knock Off|p1a: Polteageist\n|-supereffective|p1a: Polteageist\n|-damage|p1a: Polteageist|0 fnt\n|faint|p1a: Polteageist\n|\n|win|210p inkjet\n|raw|Avinatamu's rating: 1158 &rarr; <strong>1149<\/strong><br \/>(-9 for losing)\n|raw|210p inkjet's rating: 1413 &rarr; <strong>1420<\/strong><br \/>(+7 for winning)\n|l|\u2606Avinatamu\n|player|p1|\n|l|\u2606210p inkjet\n|player|p2|\n","uploadtime":1711947311,"views":0,"formatid":"gen9uu","rating":1149,"private":0,"password":null}