|j|☆arcanine69
|j|☆CastielFR
|t:|1711945056
|gametype|singles
|player|p1|arcanine69|doubleteam|1227
|player|p2|CastielFR|camper|1358
|teamsize|p1|6
|teamsize|p2|6
|gen|9
|tier|[Gen 9] UU
|rated|
|rule|Species Clause: Limit one of each Pokémon
|rule|OHKO Clause: OHKO moves are banned
|rule|Evasion Items Clause: Evasion items are banned
|rule|Evasion Moves Clause: Evasion moves are banned
|rule|Endless Battle Clause: Forcing endless battles is banned
|rule|HP Percentage Mod: HP is shown in percentages
|rule|Sleep Moves Clause: Sleep-inducing moves are banned
|clearpoke
|poke|p1|Ursaluna, M|
|poke|p1|Pecharunt|
|poke|p1|Hydreigon, F|
|poke|p1|Greninja-*, M|
|poke|p1|Quaquaval, M|
|poke|p1|Weezing-Galar, M|
|poke|p2|Galvantula, F|
|poke|p2|Haxorus, M|
|poke|p2|Lilligant-Hisui, F|
|poke|p2|Iron Moth|
|poke|p2|Hydreigon, M|
|poke|p2|Scizor, M|
|teampreview
|inactive|Battle timer is ON: inactive players will automatically lose when time's up. (requested by CastielFR)
|
|t:|1711945069
|start
|switch|p1a: Hydreigon|Hydreigon, F, shiny|100/100
|switch|p2a: BitEnToile|Galvantula, F|100/100
|turn|1
|
|t:|1711945076
|move|p2a: BitEnToile|Thunder Wave|p1a: Hydreigon
|-status|p1a: Hydreigon|par
|move|p1a: Hydreigon|Substitute|p1a: Hydreigon
|-start|p1a: Hydreigon|Substitute
|-damage|p1a: Hydreigon|76/100 par
|
|-heal|p1a: Hydreigon|82/100 par|[from] item: Leftovers
|upkeep
|turn|2
|
|t:|1711945088
|move|p2a: BitEnToile|Sticky Web|p1a: Hydreigon
|-sidestart|p1: arcanine69|move: Sticky Web
|move|p1a: Hydreigon|Dark Pulse|p2a: BitEnToile
|-damage|p2a: BitEnToile|24/100
|
|-heal|p1a: Hydreigon|88/100 par|[from] item: Leftovers
|upkeep
|turn|3
|
|t:|1711945096
|move|p2a: BitEnToile|Thunder|p1a: Hydreigon
|-resisted|p1a: Hydreigon
|-end|p1a: Hydreigon|Substitute
|cant|p1a: Hydreigon|par
|
|-heal|p1a: Hydreigon|94/100 par|[from] item: Leftovers
|upkeep
|turn|4
|
|t:|1711945105
|move|p2a: BitEnToile|Thunder|p1a: Hydreigon
|-resisted|p1a: Hydreigon
|-damage|p1a: Hydreigon|66/100 par
|move|p1a: Hydreigon|Dark Pulse|p2a: BitEnToile
|-damage|p2a: BitEnToile|0 fnt
|faint|p2a: BitEnToile
|
|-heal|p1a: Hydreigon|72/100 par|[from] item: Leftovers
|upkeep
|
|t:|1711945112
|switch|p2a: Iron Moth|Iron Moth|100/100
|-enditem|p2a: Iron Moth|Booster Energy
|-activate|p2a: Iron Moth|ability: Quark Drive|[fromitem]
|-start|p2a: Iron Moth|quarkdrivespa
|turn|5
|
|t:|1711945129
|move|p2a: Iron Moth|Dazzling Gleam|p1a: Hydreigon
|-supereffective|p1a: Hydreigon
|-damage|p1a: Hydreigon|0 fnt
|faint|p1a: Hydreigon
|
|upkeep
|
|t:|1711945138
|switch|p1a: Weezing|Weezing-Galar, M|100/100
|turn|6
|
|t:|1711945144
|move|p2a: Iron Moth|Fiery Dance|p1a: Weezing
|-damage|p1a: Weezing|29/100
|-boost|p2a: Iron Moth|spa|1
|move|p1a: Weezing|Defog|p2a: Iron Moth
|-unboost|p2a: Iron Moth|evasion|1
|-sideend|p1: arcanine69|Sticky Web|[from] move: Defog|[of] p1a: Weezing
|
|-heal|p1a: Weezing|35/100|[from] item: Leftovers
|upkeep
|turn|7
|
|t:|1711945156
|move|p2a: Iron Moth|Discharge|p1a: Weezing
|-damage|p1a: Weezing|0 fnt
|faint|p1a: Weezing
|
|upkeep
|
|t:|1711945165
|switch|p1a: Ursaluna|Ursaluna, M, shiny|100/100
|turn|8
|
|t:|1711945168
|move|p2a: Iron Moth|Energy Ball|p1a: Ursaluna
|-supereffective|p1a: Ursaluna
|-damage|p1a: Ursaluna|0 fnt
|faint|p1a: Ursaluna
|
|upkeep
|c|☆arcanine69|:0
|
|t:|1711945185
|switch|p1a: Pecharunt|Pecharunt|100/100
|turn|9
|
|t:|1711945193
|move|p2a: Iron Moth|Fiery Dance|p1a: Pecharunt
|-damage|p1a: Pecharunt|10/100
|-boost|p2a: Iron Moth|spa|1
|move|p1a: Pecharunt|Malignant Chain|p2a: Iron Moth
|-resisted|p2a: Iron Moth
|-damage|p2a: Iron Moth|85/100
|
|-heal|p1a: Pecharunt|16/100|[from] item: Black Sludge
|upkeep
|turn|10
|
|t:|1711945208
|move|p2a: Iron Moth|Discharge|p1a: Pecharunt
|-damage|p1a: Pecharunt|0 fnt
|faint|p1a: Pecharunt
|
|upkeep
|
|t:|1711945213
|switch|p1a: Greninja|Greninja, M|100/100
|turn|11
|
|t:|1711945217
|-terastallize|p2a: Iron Moth|Grass
|move|p1a: Greninja|Water Shuriken|p2a: Iron Moth
|-resisted|p2a: Iron Moth
|-damage|p2a: Iron Moth|80/100
|-resisted|p2a: Iron Moth
|-damage|p2a: Iron Moth|76/100
|-resisted|p2a: Iron Moth
|-crit|p2a: Iron Moth
|-damage|p2a: Iron Moth|69/100
|-resisted|p2a: Iron Moth
|-damage|p2a: Iron Moth|64/100
|-resisted|p2a: Iron Moth
|-damage|p2a: Iron Moth|59/100
|-hitcount|p2a: Iron Moth|5
|-damage|p1a: Greninja|91/100|[from] item: Life Orb
|move|p2a: Iron Moth|Energy Ball|p1a: Greninja
|-supereffective|p1a: Greninja
|-damage|p1a: Greninja|0 fnt
|faint|p1a: Greninja
|
|upkeep
|
|t:|1711945222
|switch|p1a: Quaquaval|Quaquaval, M, shiny|100/100
|turn|12
|
|t:|1711945226
|move|p2a: Iron Moth|Discharge|p1a: Quaquaval
|-supereffective|p1a: Quaquaval
|-damage|p1a: Quaquaval|0 fnt
|faint|p1a: Quaquaval
|
|win|CastielFR
|raw|arcanine69's rating: 1227 &rarr; <strong>1211</strong><br />(-16 for losing)
|raw|CastielFR's rating: 1358 &rarr; <strong>1371</strong><br />(+13 for winning)
|l|☆CastielFR
|player|p2|
|l|☆arcanine69
|player|p1|
