{"id":"gen9stabmons-2093119069","format":"[Gen 9] STABmons","players":["Quantum Tesseract","Giagantic"],"log":"|html|<div class=\"broadcast-blue\"><strong>[Gen 9] STABmons is currently suspecting Gouging Fire! For information on how to participate check out the <a href=\"https:\/\/www.smogon.com\/forums\/threads\/stabmons-suspect-4-gouging-fire-i-dont-want-to-set-the-world-on-fire.3739099\/\">suspect thread<\/a>.<\/strong><\/div>\n|j|\u2606Quantum Tesseract\n|j|\u2606Giagantic\n|inactive|Battle timer is ON: inactive players will automatically lose when time's up.\n|t:|1711915091\n|gametype|singles\n|player|p1|Quantum Tesseract|#omplxtempertyrantrums|\n|player|p2|Giagantic|#giagantic|\n|teamsize|p1|6\n|teamsize|p2|6\n|gen|9\n|tier|[Gen 9] STABmons\n|rated|Tournament battle\n|rule|Species Clause: Limit one of each Pok\u00e9mon\n|rule|OHKO Clause: OHKO moves are banned\n|rule|Evasion Moves Clause: Evasion moves are banned\n|rule|Endless Battle Clause: Forcing endless battles is banned\n|rule|HP Percentage Mod: HP is shown in percentages\n|rule|Sleep Moves Clause: Sleep-inducing moves are banned\n|clearpoke\n|poke|p1|Toxapex, F|\n|poke|p1|Heatran, M|\n|poke|p1|Ting-Lu|\n|poke|p1|Zapdos|\n|poke|p1|Ogerpon-Wellspring, F|\n|poke|p1|Latios, M|\n|poke|p2|Chesnaught, M|\n|poke|p2|Braviary-Hisui, M|\n|poke|p2|Landorus-Therian, M|\n|poke|p2|Volcanion|\n|poke|p2|Kyurem|\n|poke|p2|Mabosstiff, M|\n|teampreview\n|c|\u2606Giagantic|hf\n|inactive|Quantum Tesseract has 120 seconds left.\n|inactive|Quantum Tesseract has 90 seconds left.\n|inactive|Quantum Tesseract has 60 seconds left.\n|c|\u2606Quantum Tesseract|gl hf\n|\n|t:|1711915208\n|start\n|switch|p1a: Latios|Latios, M|100\/100\n|switch|p2a: Landorus|Landorus-Therian, M|100\/100\n|-ability|p2a: Landorus|Intimidate|boost\n|-unboost|p1a: Latios|atk|1\n|turn|1\n|\n|t:|1711915214\n|switch|p1a: Zapdos|Zapdos, shiny|100\/100\n|-terastallize|p2a: Landorus|Steel\n|-singleturn|p2a: Landorus|move: Beak Blast\n|move|p2a: Landorus|Beak Blast|p1a: Zapdos\n|-resisted|p1a: Zapdos\n|-damage|p1a: Zapdos|82\/100\n|\n|upkeep\n|turn|2\n|\n|t:|1711915224\n|switch|p2a: Kyurem|Kyurem|100\/100\n|-ability|p2a: Kyurem|Pressure\n|move|p1a: Zapdos|Discharge|p2a: Kyurem\n|-resisted|p2a: Kyurem\n|-damage|p2a: Kyurem|82\/100\n|-status|p2a: Kyurem|par\n|\n|upkeep\n|turn|3\n|\n|t:|1711915235\n|move|p1a: Zapdos|U-turn|p2a: Kyurem\n|-damage|p2a: Kyurem|71\/100 par\n|\n|t:|1711915237\n|switch|p1a: Toxapex|Toxapex, F|100\/100|[from] U-turn\n|move|p2a: Kyurem|Earth Power|p1a: Toxapex\n|-supereffective|p1a: Toxapex\n|-damage|p1a: Toxapex|72\/100\n|-unboost|p1a: Toxapex|spd|1\n|\n|upkeep\n|turn|4\n|\n|t:|1711915246\n|switch|p2a: Volcanion|Volcanion|100\/100\n|move|p1a: Toxapex|Flip Turn|p2a: Volcanion\n|-immune|p2a: Volcanion|[from] ability: Water Absorb\n|\n|upkeep\n|turn|5\n|\n|t:|1711915253\n|switch|p1a: Ogerpon|Ogerpon-Wellspring, F|100\/100\n|move|p2a: Volcanion|Substitute|p2a: Volcanion\n|-start|p2a: Volcanion|Substitute\n|-damage|p2a: Volcanion|75\/100\n|\n|upkeep\n|turn|6\n|\n|t:|1711915257\n|move|p1a: Ogerpon|Flower Trick|p2a: Volcanion\n|-crit|p2a: Volcanion\n|-end|p2a: Volcanion|Substitute\n|move|p2a: Volcanion|Torch Song|p1a: Ogerpon\n|-damage|p1a: Ogerpon|47\/100\n|-boost|p2a: Volcanion|spa|1\n|\n|upkeep\n|turn|7\n|\n|t:|1711915268\n|switch|p2a: Chesnaught|Chesnaught, M|100\/100\n|move|p1a: Ogerpon|Flower Trick|p2a: Chesnaught\n|-resisted|p2a: Chesnaught\n|-crit|p2a: Chesnaught\n|-damage|p2a: Chesnaught|82\/100\n|\n|upkeep\n|turn|8\n|\n|t:|1711915276\n|switch|p1a: Zapdos|Zapdos, shiny|82\/100\n|move|p2a: Chesnaught|Knock Off|p1a: Zapdos\n|-damage|p1a: Zapdos|67\/100\n|-enditem|p1a: Zapdos|Heavy-Duty Boots|[from] move: Knock Off|[of] p2a: Chesnaught\n|\n|upkeep\n|turn|9\n|\n|t:|1711915287\n|switch|p2a: Landorus|Landorus-Therian, M, tera:Steel|100\/100\n|-ability|p2a: Landorus|Intimidate|boost\n|-unboost|p1a: Zapdos|atk|1\n|move|p1a: Zapdos|Aeroblast|p2a: Landorus\n|-resisted|p2a: Landorus\n|-damage|p2a: Landorus|79\/100\n|\n|upkeep\n|turn|10\n|\n|t:|1711915293\n|switch|p2a: Mabosstiff|Mabosstiff, M|100\/100\n|move|p1a: Zapdos|Discharge|p2a: Mabosstiff\n|-damage|p2a: Mabosstiff|47\/100\n|\n|upkeep\n|turn|11\n|\n|t:|1711915300\n|move|p2a: Mabosstiff|Wicked Blow|p1a: Zapdos\n|-crit|p1a: Zapdos\n|-damage|p1a: Zapdos|2\/100\n|move|p1a: Zapdos|Roost|p1a: Zapdos\n|-heal|p1a: Zapdos|52\/100\n|-singleturn|p1a: Zapdos|move: Roost\n|\n|upkeep\n|turn|12\n|\n|t:|1711915305\n|switch|p1a: Ting-Lu|Ting-Lu|100\/100\n|-ability|p1a: Ting-Lu|Vessel of Ruin\n|move|p2a: Mabosstiff|Wicked Blow|p1a: Ting-Lu\n|-resisted|p1a: Ting-Lu\n|-crit|p1a: Ting-Lu\n|-damage|p1a: Ting-Lu|64\/100\n|\n|upkeep\n|turn|13\n|\n|t:|1711915316\n|switch|p2a: Braviary|Braviary-Hisui, M|100\/100\n|move|p1a: Ting-Lu|Ceaseless Edge|p2a: Braviary\n|-supereffective|p2a: Braviary\n|-damage|p2a: Braviary|40\/100\n|-sidestart|p2: Giagantic|Spikes\n|\n|upkeep\n|turn|14\n|\n|t:|1711915320\n|move|p2a: Braviary|Aeroblast|p1a: Ting-Lu\n|-damage|p1a: Ting-Lu|29\/100\n|move|p1a: Ting-Lu|Ceaseless Edge|p2a: Braviary\n|-supereffective|p2a: Braviary\n|-damage|p2a: Braviary|0 fnt\n|-sidestart|p2: Giagantic|Spikes\n|faint|p2a: Braviary\n|\n|upkeep\n|\n|t:|1711915338\n|switch|p2a: Volcanion|Volcanion|75\/100\n|-damage|p2a: Volcanion|59\/100|[from] Spikes\n|turn|15\n|\n|t:|1711915345\n|move|p2a: Volcanion|Water Shuriken|p1a: Ting-Lu\n|-supereffective|p1a: Ting-Lu\n|-damage|p1a: Ting-Lu|21\/100\n|-supereffective|p1a: Ting-Lu\n|-damage|p1a: Ting-Lu|14\/100\n|-supereffective|p1a: Ting-Lu\n|-damage|p1a: Ting-Lu|6\/100\n|-supereffective|p1a: Ting-Lu\n|-damage|p1a: Ting-Lu|0 fnt\n|faint|p1a: Ting-Lu\n|-hitcount|p1: Ting-Lu|4\n|\n|upkeep\n|\n|t:|1711915352\n|switch|p1a: Ogerpon|Ogerpon-Wellspring, F|47\/100\n|turn|16\n|\n|t:|1711915361\n|move|p1a: Ogerpon|Flower Trick|p2a: Volcanion\n|-crit|p2a: Volcanion\n|-damage|p2a: Volcanion|0 fnt\n|faint|p2a: Volcanion\n|\n|upkeep\n|\n|t:|1711915369\n|switch|p2a: Landorus|Landorus-Therian, M, tera:Steel|79\/100\n|-damage|p2a: Landorus|63\/100|[from] Spikes\n|-ability|p2a: Landorus|Intimidate|boost\n|-unboost|p1a: Ogerpon|atk|1\n|turn|17\n|\n|t:|1711915372\n|move|p1a: Ogerpon|Ivy Cudgel|p2a: Landorus|[anim] Ivy Cudgel Water\n|-damage|p2a: Landorus|35\/100\n|move|p2a: Landorus|Defog|p1a: Ogerpon\n|-unboost|p1a: Ogerpon|evasion|1\n|-sideend|p2: Giagantic|Spikes|[from] move: Defog|[of] p2a: Landorus\n|\n|upkeep\n|turn|18\n|\n|t:|1711915376\n|move|p1a: Ogerpon|Swords Dance|p1a: Ogerpon\n|-boost|p1a: Ogerpon|atk|2\n|move|p2a: Landorus|Shore Up|p2a: Landorus\n|-heal|p2a: Landorus|85\/100\n|\n|upkeep\n|turn|19\n|\n|t:|1711915379\n|-singleturn|p2a: Landorus|move: Beak Blast\n|move|p1a: Ogerpon|Ivy Cudgel|p2a: Landorus|[anim] Ivy Cudgel Water\n|-damage|p2a: Landorus|24\/100\n|move|p2a: Landorus|Beak Blast|p1a: Ogerpon\n|-supereffective|p1a: Ogerpon\n|-damage|p1a: Ogerpon|0 fnt\n|faint|p1a: Ogerpon\n|\n|upkeep\n|j| NeonJolteonWasUsed\n|\n|t:|1711915387\n|switch|p1a: Latios|Latios, M|100\/100\n|turn|20\n|\n|t:|1711915396\n|switch|p2a: Kyurem|Kyurem|71\/100 par\n|-ability|p2a: Kyurem|Pressure\n|move|p1a: Latios|Dragon Energy|p2a: Kyurem\n|-supereffective|p2a: Kyurem\n|-damage|p2a: Kyurem|0 fnt\n|faint|p2a: Kyurem\n|\n|upkeep\n|\n|t:|1711915400\n|switch|p2a: Mabosstiff|Mabosstiff, M|47\/100\n|turn|21\n|\n|t:|1711915404\n|switch|p1a: Zapdos|Zapdos, shiny|52\/100\n|move|p2a: Mabosstiff|Sucker Punch||[still]\n|-fail|p2a: Mabosstiff\n|\n|upkeep\n|turn|22\n|c|\u2606Quantum Tesseract|gg\n|\n|t:|1711915421\n|switch|p2a: Chesnaught|Chesnaught, M|82\/100\n|move|p1a: Zapdos|Roost|p1a: Zapdos\n|-heal|p1a: Zapdos|100\/100\n|-singleturn|p1a: Zapdos|move: Roost\n|\n|upkeep\n|turn|23\n|\n|t:|1711915430\n|move|p1a: Zapdos|Aeroblast|p2a: Chesnaught\n|-supereffective|p2a: Chesnaught\n|-damage|p2a: Chesnaught|0 fnt\n|faint|p2a: Chesnaught\n|\n|upkeep\n|\n|t:|1711915435\n|switch|p2a: Mabosstiff|Mabosstiff, M|47\/100\n|turn|24\n|\n|t:|1711915442\n|move|p2a: Mabosstiff|Wicked Blow|p1a: Zapdos\n|-crit|p1a: Zapdos\n|-damage|p1a: Zapdos|39\/100\n|-status|p2a: Mabosstiff|par|[from] ability: Static|[of] p1a: Zapdos\n|move|p1a: Zapdos|Roost|p1a: Zapdos\n|-heal|p1a: Zapdos|89\/100\n|-singleturn|p1a: Zapdos|move: Roost\n|\n|upkeep\n|turn|25\n|\n|t:|1711915446\n|move|p1a: Zapdos|Discharge|p2a: Mabosstiff\n|-damage|p2a: Mabosstiff|0 fnt\n|faint|p2a: Mabosstiff\n|\n|upkeep\n|c|\u2606Giagantic|lol\n|c|\u2606Giagantic|gg\n|-message|Giagantic forfeited.\n|\n|win|Quantum Tesseract\n|n|\u2606Quantum Tesseract|quantumtesseract\n|n|\u2606Giagantic|giagantic\n|n| NeonJolteonWasUsed|neonjolteonwasused\n","uploadtime":1711915458,"views":0,"formatid":"gen9stabmons","rating":null,"private":0,"password":null}