{"id":"gen9stabmons-2092947910","format":"[Gen 9] STABmons","players":["Uta The Clown","Drop A Lando"],"log":"|j|\u2606Uta The Clown\n|j|\u2606Drop A Lando\n|inactive|Battle timer is ON: inactive players will automatically lose when time's up.\n|t:|1711894865\n|gametype|singles\n|player|p1|Uta The Clown|clown|\n|player|p2|Drop A Lando|preschoolerf|\n|teamsize|p1|6\n|teamsize|p2|6\n|gen|9\n|tier|[Gen 9] STABmons\n|rated|Tournament battle\n|rule|Species Clause: Limit one of each Pok\u00e9mon\n|rule|OHKO Clause: OHKO moves are banned\n|rule|Evasion Moves Clause: Evasion moves are banned\n|rule|Endless Battle Clause: Forcing endless battles is banned\n|rule|HP Percentage Mod: HP is shown in percentages\n|rule|Sleep Moves Clause: Sleep-inducing moves are banned\n|rule|Same Type Clause: Pok\u00e9mon in a team must share a type\n|rule|Terastal Clause: You cannot Terastallize\n|clearpoke\n|poke|p1|Iron Valiant|\n|poke|p1|Enamorus-Therian, F|\n|poke|p1|Tinkaton, F|\n|poke|p1|Hatterene, F|\n|poke|p1|Mimikyu, M|\n|poke|p1|Fezandipiti, M|\n|poke|p2|Yanmega, F|\n|poke|p2|Moltres|\n|poke|p2|Corviknight, M|\n|poke|p2|Thundurus-Therian, M|\n|poke|p2|Landorus-Therian, M|\n|poke|p2|Zapdos-Galar|\n|teampreview\n|inactive|Drop A Lando also wants the timer to be on.\n|c|\u2606Drop A Lando|glhf\n|j| Murphy Lawden\n|c|\u2606Uta The Clown|hf\n|j| GhastleVania\n|j|%Toy Time King\n|\n|t:|1711894885\n|start\n|switch|p1a: Hatterene|Hatterene, F|100\/100\n|switch|p2a: Yanmega|Yanmega, F|100\/100\n|turn|1\n|c|\u2606Drop A Lando|you too!\n|l| Murphy Lawden\n|j| medusssaaa\n|\n|t:|1711894895\n|move|p2a: Yanmega|Tail Glow|p2a: Yanmega\n|-boost|p2a: Yanmega|spa|3\n|move|p1a: Hatterene|Cosmic Power|p1a: Hatterene\n|-boost|p1a: Hatterene|def|1\n|-boost|p1a: Hatterene|spd|1\n|\n|-ability|p2a: Yanmega|Speed Boost|boost\n|-boost|p2a: Yanmega|spe|1\n|upkeep\n|turn|2\n|j|+mauby \u2646\n|\n|t:|1711894903\n|move|p2a: Yanmega|Bug Buzz|p1a: Hatterene\n|-damage|p1a: Hatterene|0 fnt\n|faint|p1a: Hatterene\n|-damage|p2a: Yanmega|91\/100|[from] item: Life Orb\n|\n|-ability|p2a: Yanmega|Speed Boost|boost\n|-boost|p2a: Yanmega|spe|1\n|upkeep\n|\n|t:|1711894909\n|switch|p1a: Mimikyu|Mimikyu, M|100\/100\n|turn|3\n|c|\u2606Drop A Lando|huge\n|\n|t:|1711894918\n|move|p2a: Yanmega|Bug Buzz|p1a: Mimikyu\n|-activate|p1a: Mimikyu|ability: Disguise\n|-damage|p1a: Mimikyu|100\/100\n|detailschange|p1a: Mimikyu|Mimikyu-Busted, M\n|-damage|p1a: Mimikyu|88\/100|[from] pokemon: Mimikyu-Busted\n|-damage|p2a: Yanmega|81\/100|[from] item: Life Orb\n|move|p1a: Mimikyu|Magical Torque|p2a: Yanmega\n|-damage|p2a: Yanmega|31\/100\n|\n|-heal|p1a: Mimikyu|94\/100|[from] item: Leftovers\n|-ability|p2a: Yanmega|Speed Boost|boost\n|-boost|p2a: Yanmega|spe|1\n|upkeep\n|turn|4\n|\n|t:|1711894932\n|move|p1a: Mimikyu|Shadow Sneak|p2a: Yanmega\n|-damage|p2a: Yanmega|9\/100\n|move|p2a: Yanmega|Bug Buzz|p1a: Mimikyu\n|-resisted|p1a: Mimikyu\n|-damage|p1a: Mimikyu|44\/100\n|-damage|p2a: Yanmega|0 fnt|[from] item: Life Orb\n|faint|p2a: Yanmega\n|\n|-heal|p1a: Mimikyu|50\/100|[from] item: Leftovers\n|upkeep\n|c| medusssaaa|yanmega is trash\n|\n|t:|1711894950\n|switch|p2a: Thundurus|Thundurus-Therian, M|100\/100\n|turn|5\n|\n|t:|1711894955\n|move|p2a: Thundurus|Electro Drift|p1a: Mimikyu\n|-damage|p1a: Mimikyu|0 fnt\n|faint|p1a: Mimikyu\n|\n|upkeep\n|l| medusssaaa\n|\n|t:|1711894966\n|switch|p1a: Tinkaton|Tinkaton, F|100\/100\n|-ability|p1a: Tinkaton|Mold Breaker\n|turn|6\n|\n|t:|1711894979\n|switch|p2a: Landorus|Landorus-Therian, M|100\/100\n|-ability|p2a: Landorus|Intimidate|boost\n|-unboost|p1a: Tinkaton|atk|1\n|move|p1a: Tinkaton|Magical Torque|p2a: Landorus\n|-damage|p2a: Landorus|74\/100\n|\n|upkeep\n|turn|7\n|\n|t:|1711894988\n|switch|p1a: Enamorus|Enamorus-Therian, F|100\/100\n|move|p2a: Landorus|Dragon Ascent|p1a: Enamorus\n|-damage|p1a: Enamorus|43\/100\n|-unboost|p2a: Landorus|def|1\n|-unboost|p2a: Landorus|spd|1\n|\n|-heal|p1a: Enamorus|49\/100|[from] item: Leftovers\n|upkeep\n|turn|8\n|\n|t:|1711895002\n|switch|p2a: Thundurus|Thundurus-Therian, M|100\/100\n|move|p1a: Enamorus|Draining Kiss|p2a: Thundurus\n|-damage|p2a: Thundurus|71\/100\n|-heal|p1a: Enamorus|68\/100|[from] drain|[of] p2a: Thundurus\n|\n|-heal|p1a: Enamorus|74\/100|[from] item: Leftovers\n|upkeep\n|turn|9\n|c|\u2606Drop A Lando|yangmega is not trash lol\n|c|\u2606Drop A Lando|also no switch?\n|j| NoahTheGreat6.4\n|\n|t:|1711895019\n|switch|p1a: Tinkaton|Tinkaton, F|100\/100\n|-ability|p1a: Tinkaton|Mold Breaker\n|move|p2a: Thundurus|Electro Drift|p1a: Tinkaton\n|-damage|p1a: Tinkaton|43\/100\n|\n|upkeep\n|turn|10\n|\n|t:|1711895027\n|move|p1a: Tinkaton|Bullet Punch|p2a: Thundurus\n|-resisted|p2a: Thundurus\n|-damage|p2a: Thundurus|61\/100\n|move|p2a: Thundurus|Electro Drift|p1a: Tinkaton\n|-damage|p1a: Tinkaton|0 fnt\n|faint|p1a: Tinkaton\n|\n|upkeep\n|\n|t:|1711895036\n|switch|p1a: Fezandipiti|Fezandipiti, M|100\/100\n|turn|11\n|\n|t:|1711895043\n|move|p2a: Thundurus|Psychic|p1a: Fezandipiti\n|-supereffective|p1a: Fezandipiti\n|-damage|p1a: Fezandipiti|24\/100\n|move|p1a: Fezandipiti|Calm Mind|p1a: Fezandipiti\n|-boost|p1a: Fezandipiti|spa|1\n|-boost|p1a: Fezandipiti|spd|1\n|\n|-heal|p1a: Fezandipiti|30\/100|[from] item: Leftovers\n|upkeep\n|turn|12\n|j| medusssaaa\n|\n|t:|1711895056\n|move|p2a: Thundurus|Psychic|p1a: Fezandipiti\n|-supereffective|p1a: Fezandipiti\n|-damage|p1a: Fezandipiti|0 fnt\n|faint|p1a: Fezandipiti\n|\n|upkeep\n|\n|t:|1711895059\n|switch|p1a: Iron Valiant|Iron Valiant|100\/100\n|turn|13\n|\n|t:|1711895065\n|switch|p2a: Corviknight|Corviknight, M|100\/100\n|-ability|p2a: Corviknight|Pressure\n|move|p1a: Iron Valiant|Ice Punch|p2a: Corviknight\n|-damage|p2a: Corviknight|70\/100\n|-damage|p1a: Iron Valiant|91\/100|[from] item: Life Orb\n|\n|-heal|p2a: Corviknight|76\/100|[from] item: Leftovers\n|upkeep\n|turn|14\n|\n|t:|1711895074\n|move|p1a: Iron Valiant|Combat Torque|p2a: Corviknight\n|-damage|p2a: Corviknight|21\/100\n|-status|p2a: Corviknight|par\n|-damage|p1a: Iron Valiant|81\/100|[from] item: Life Orb\n|move|p2a: Corviknight|Iron Defense|p2a: Corviknight\n|-boost|p2a: Corviknight|def|2\n|\n|-heal|p2a: Corviknight|27\/100 par|[from] item: Leftovers\n|upkeep\n|turn|15\n|c|\u2606Drop A Lando|oh rah\n|\n|t:|1711895082\n|move|p1a: Iron Valiant|Combat Torque|p2a: Corviknight\n|-damage|p2a: Corviknight|0 fnt\n|faint|p2a: Corviknight\n|-damage|p1a: Iron Valiant|71\/100|[from] item: Life Orb\n|\n|upkeep\n|j| Murphy Lawden\n|\n|t:|1711895084\n|switch|p2a: Landorus|Landorus-Therian, M|74\/100\n|-ability|p2a: Landorus|Intimidate|boost\n|-unboost|p1a: Iron Valiant|atk|1\n|turn|16\n|\n|t:|1711895089\n|move|p2a: Landorus|Dragon Ascent|p1a: Iron Valiant\n|-supereffective|p1a: Iron Valiant\n|-damage|p1a: Iron Valiant|0 fnt\n|-unboost|p2a: Landorus|def|1\n|-unboost|p2a: Landorus|spd|1\n|faint|p1a: Iron Valiant\n|-end|p1a: Iron Valiant|Quark Drive|[silent]\n|\n|upkeep\n|c|\u2606Uta The Clown|gg\n|\n|t:|1711895096\n|switch|p1a: Enamorus|Enamorus-Therian, F|74\/100\n|turn|17\n|\n|t:|1711895098\n|move|p2a: Landorus|Dragon Ascent|p1a: Enamorus\n|-damage|p1a: Enamorus|14\/100\n|-unboost|p2a: Landorus|def|1\n|-unboost|p2a: Landorus|spd|1\n|move|p1a: Enamorus|Iron Defense|p1a: Enamorus\n|-boost|p1a: Enamorus|def|2\n|\n|-heal|p1a: Enamorus|20\/100|[from] item: Leftovers\n|upkeep\n|turn|18\n|c|\u2606Drop A Lando|gg\n|\n|t:|1711895107\n|move|p2a: Landorus|Dragon Ascent|p1a: Enamorus\n|-damage|p1a: Enamorus|0 fnt\n|-unboost|p2a: Landorus|def|1\n|-unboost|p2a: Landorus|spd|1\n|faint|p1a: Enamorus\n|\n|win|Drop A Lando\n|n|\u2606Uta The Clown|utatheclown\n|n|\u2606Drop A Lando|dropalando\n|n| GhastleVania|ghastlevania\n|n| Toy Time King|toytimeking\n|n| mauby \u2646|mauby\n|n| NoahTheGreat6.4|noahthegreat64\n|n| medusssaaa|medusssaaa\n|n| Murphy Lawden|murphylawden\n|l|\u2606Drop A Lando\n|player|p2|\n|c| Murphy Lawden|This battle you did not survive uta the clown\n|l|\u2606Uta The Clown\n|player|p1|\n|l| Toy Time King\n|l| GhastleVania\n","uploadtime":1711895112,"views":0,"formatid":"gen9stabmons","rating":null,"private":0,"password":null}