{"id":"gen9stabmons-2093127989","format":"[Gen 9] STABmons","players":["happysh","Crown Oji"],"log":"|j|\u2606happysh\n|j|\u2606Crown Oji\n|inactive|Battle timer is ON: inactive players will automatically lose when time's up.\n|t:|1711916097\n|gametype|singles\n|player|p1|happysh|burnet|\n|player|p2|Crown Oji|wallace-masters|\n|teamsize|p1|6\n|teamsize|p2|6\n|gen|9\n|tier|[Gen 9] STABmons\n|rated|Tournament battle\n|rule|Species Clause: Limit one of each Pok\u00e9mon\n|rule|OHKO Clause: OHKO moves are banned\n|rule|Evasion Moves Clause: Evasion moves are banned\n|rule|Endless Battle Clause: Forcing endless battles is banned\n|rule|HP Percentage Mod: HP is shown in percentages\n|rule|Sleep Moves Clause: Sleep-inducing moves are banned\n|rule|Category Swap Mod: All physical moves become special, and vice versa\n|clearpoke\n|poke|p1|Corviknight, M|\n|poke|p1|Iron Hands|\n|poke|p1|Iron Valiant|\n|poke|p1|Pincurchin, M|\n|poke|p1|Sneasler, F|\n|poke|p1|Iron Jugulis|\n|poke|p2|Iron Hands|\n|poke|p2|Scizor, F|\n|poke|p2|Iron Moth|\n|poke|p2|Toxapex, F|\n|poke|p2|Zoroark, F|\n|poke|p2|Skarmory, F|\n|teampreview\n|j|*Lady Monita \u2746\n|inactive|happysh also wants the timer to be on.\n|\n|t:|1711916119\n|start\n|switch|p1a: Pincurchin|Pincurchin, M|100\/100\n|switch|p2a: Scizor|Scizor, F|100\/100\n|-fieldstart|move: Electric Terrain|[from] ability: Electric Surge|[of] p1a: Pincurchin\n|turn|1\n|\n|t:|1711916130\n|move|p2a: Scizor|Sticky Web|p1a: Pincurchin\n|-sidestart|p1: happysh|move: Sticky Web\n|move|p1a: Pincurchin|Rising Voltage|p2a: Scizor\n|-hint|Rising Voltage's BP doubled on grounded target.\n|-damage|p2a: Scizor|24\/100\n|\n|upkeep\n|turn|2\n|\n|t:|1711916135\n|move|p2a: Scizor|Bug Buzz|p1a: Pincurchin\n|-crit|p1a: Pincurchin\n|-damage|p1a: Pincurchin|20\/100\n|move|p1a: Pincurchin|Volt Switch|p2a: Scizor\n|-damage|p2a: Scizor|0 fnt\n|faint|p2a: Scizor\n|\n|t:|1711916144\n|switch|p1a: Iron Hands|Iron Hands|100\/100|[from] Volt Switch\n|-activate|p1a: Iron Hands|move: Sticky Web\n|-unboost|p1a: Iron Hands|spe|1\n|-activate|p1a: Iron Hands|ability: Quark Drive\n|-start|p1a: Iron Hands|quarkdriveatk\n|\n|upkeep\n|\n|t:|1711916152\n|switch|p2a: Iron Hands|Iron Hands|100\/100\n|-activate|p2a: Iron Hands|ability: Quark Drive\n|-start|p2a: Iron Hands|quarkdriveatk\n|turn|3\n|\n|t:|1711916158\n|move|p2a: Iron Hands|Secret Sword|p1a: Iron Hands\n|-damage|p1a: Iron Hands|59\/100\n|move|p1a: Iron Hands|Volt Switch|p2a: Iron Hands\n|-resisted|p2a: Iron Hands\n|-damage|p2a: Iron Hands|82\/100\n|\n|t:|1711916162\n|-end|p1a: Iron Hands|Quark Drive|[silent]\n|switch|p1a: Iron Valiant|Iron Valiant|100\/100|[from] Volt Switch\n|-activate|p1a: Iron Valiant|move: Sticky Web\n|-unboost|p1a: Iron Valiant|spe|1\n|-activate|p1a: Iron Valiant|ability: Quark Drive\n|-start|p1a: Iron Valiant|quarkdrivespa\n|\n|-heal|p2a: Iron Hands|88\/100|[from] item: Leftovers\n|upkeep\n|turn|4\n|\n|t:|1711916170\n|-end|p2a: Iron Hands|Quark Drive|[silent]\n|switch|p2a: Toxapex|Toxapex, F|100\/100\n|move|p1a: Iron Valiant|Magical Torque|p2a: Toxapex\n|-resisted|p2a: Toxapex\n|-damage|p2a: Toxapex|80\/100\n|-start|p2a: Toxapex|confusion\n|-enditem|p2a: Toxapex|Eject Button\n|\n|t:|1711916176\n|switch|p2a: Iron Moth|Iron Moth|100\/100\n|-activate|p2a: Iron Moth|ability: Quark Drive\n|-start|p2a: Iron Moth|quarkdrivespa\n|\n|upkeep\n|turn|5\n|\n|t:|1711916187\n|move|p2a: Iron Moth|Noxious Torque|p1a: Iron Valiant\n|-supereffective|p1a: Iron Valiant\n|-damage|p1a: Iron Valiant|0 fnt\n|faint|p1a: Iron Valiant\n|-end|p1a: Iron Valiant|Quark Drive|[silent]\n|-damage|p2a: Iron Moth|91\/100|[from] item: Life Orb\n|\n|upkeep\n|\n|t:|1711916195\n|switch|p1a: Iron Jugulis|Iron Jugulis|100\/100\n|-activate|p1a: Iron Jugulis|ability: Quark Drive\n|-start|p1a: Iron Jugulis|quarkdrivespe\n|turn|6\n|j| Nameless_Spectre\n|\n|t:|1711916201\n|-end|p2a: Iron Moth|Quark Drive|[silent]\n|switch|p2a: Skarmory|Skarmory, F|100\/100\n|move|p1a: Iron Jugulis|Dragon Ascent|p2a: Skarmory\n|-resisted|p2a: Skarmory\n|-damage|p2a: Skarmory|45\/100\n|-unboost|p1a: Iron Jugulis|def|1\n|-unboost|p1a: Iron Jugulis|spd|1\n|-damage|p1a: Iron Jugulis|84\/100|[from] item: Rocky Helmet|[of] p2a: Skarmory\n|-damage|p1a: Iron Jugulis|74\/100|[from] item: Life Orb\n|\n|upkeep\n|turn|7\n|\n|t:|1711916208\n|move|p1a: Iron Jugulis|Dragon Ascent|p2a: Skarmory\n|-resisted|p2a: Skarmory\n|-damage|p2a: Skarmory|0 fnt\n|-unboost|p1a: Iron Jugulis|def|1\n|-unboost|p1a: Iron Jugulis|spd|1\n|-damage|p1a: Iron Jugulis|58\/100|[from] item: Rocky Helmet|[of] p2a: Skarmory\n|faint|p2a: Skarmory\n|-damage|p1a: Iron Jugulis|48\/100|[from] item: Life Orb\n|\n|upkeep\n|\n|t:|1711916225\n|switch|p2a: Iron Moth|Iron Moth|100\/100\n|turn|8\n|\n|t:|1711916229\n|move|p1a: Iron Jugulis|Dragon Ascent|p2a: Iron Moth\n|-damage|p2a: Iron Moth|0 fnt\n|-unboost|p1a: Iron Jugulis|def|1\n|-unboost|p1a: Iron Jugulis|spd|1\n|replace|p2a: Zoroark|Zoroark, F\n|-end|p2a: Zoroark|Illusion\n|faint|p2a: Zoroark\n|-damage|p1a: Iron Jugulis|38\/100|[from] item: Life Orb\n|\n|-fieldend|move: Electric Terrain\n|-end|p1a: Iron Jugulis|Quark Drive\n|upkeep\n|\n|t:|1711916233\n|switch|p2a: Iron Moth|Iron Moth|91\/100\n|turn|9\n|j| A Welcome Guest\n|\n|t:|1711916247\n|-end|p1a: Iron Jugulis|Quark Drive|[silent]\n|switch|p1a: Pincurchin|Pincurchin, M|20\/100\n|-activate|p1a: Pincurchin|move: Sticky Web\n|-unboost|p1a: Pincurchin|spe|1\n|-fieldstart|move: Electric Terrain|[from] ability: Electric Surge|[of] p1a: Pincurchin\n|-activate|p2a: Iron Moth|ability: Quark Drive\n|-start|p2a: Iron Moth|quarkdrivespa\n|move|p2a: Iron Moth|Flame Charge|p1a: Pincurchin\n|-damage|p1a: Pincurchin|0 fnt\n|-boost|p2a: Iron Moth|spe|1\n|faint|p1a: Pincurchin\n|-damage|p2a: Iron Moth|81\/100|[from] item: Life Orb\n|\n|upkeep\n|\n|t:|1711916255\n|switch|p1a: Iron Jugulis|Iron Jugulis|38\/100\n|-activate|p1a: Iron Jugulis|ability: Quark Drive\n|-start|p1a: Iron Jugulis|quarkdrivespe\n|turn|10\n|\n|t:|1711916262\n|-terastallize|p1a: Iron Jugulis|Dark\n|move|p1a: Iron Jugulis|Sucker Punch|p2a: Iron Moth\n|-damage|p2a: Iron Moth|22\/100\n|-damage|p1a: Iron Jugulis|29\/100|[from] item: Life Orb\n|move|p2a: Iron Moth|Bitter Blade|p1a: Iron Jugulis\n|-damage|p1a: Iron Jugulis|0 fnt\n|-heal|p2a: Iron Moth|37\/100|[from] drain|[of] p1a: Iron Jugulis\n|faint|p1a: Iron Jugulis\n|-end|p1a: Iron Jugulis|Quark Drive|[silent]\n|-damage|p2a: Iron Moth|27\/100|[from] item: Life Orb\n|\n|upkeep\n|\n|t:|1711916265\n|switch|p1a: Iron Hands|Iron Hands|59\/100\n|-activate|p1a: Iron Hands|move: Sticky Web\n|-unboost|p1a: Iron Hands|spe|1\n|-activate|p1a: Iron Hands|ability: Quark Drive\n|-start|p1a: Iron Hands|quarkdriveatk\n|turn|11\n|\n|t:|1711916270\n|move|p1a: Iron Hands|Thunderclap|p2a: Iron Moth\n|-damage|p2a: Iron Moth|0 fnt\n|faint|p2a: Iron Moth\n|-end|p2a: Iron Moth|Quark Drive|[silent]\n|\n|upkeep\n|\n|t:|1711916272\n|switch|p2a: Iron Hands|Iron Hands|88\/100\n|-activate|p2a: Iron Hands|ability: Quark Drive\n|-start|p2a: Iron Hands|quarkdriveatk\n|turn|12\n|\n|t:|1711916278\n|-end|p1a: Iron Hands|Quark Drive|[silent]\n|switch|p1a: Corviknight|Corviknight, M|100\/100\n|-ability|p1a: Corviknight|Pressure\n|move|p2a: Iron Hands|Secret Sword|p1a: Corviknight\n|-damage|p1a: Corviknight|61\/100\n|\n|-heal|p1a: Corviknight|67\/100|[from] item: Leftovers\n|-heal|p2a: Iron Hands|94\/100|[from] item: Leftovers\n|upkeep\n|turn|13\n|\n|t:|1711916284\n|-singleturn|p1a: Corviknight|move: Beak Blast\n|move|p2a: Iron Hands|Thunder Cage|p1a: Corviknight\n|-supereffective|p1a: Corviknight\n|-damage|p1a: Corviknight|0 fnt\n|faint|p1a: Corviknight\n|\n|-heal|p2a: Iron Hands|100\/100|[from] item: Leftovers\n|upkeep\n|\n|t:|1711916293\n|switch|p1a: Sneasler|Sneasler, F|100\/100\n|-activate|p1a: Sneasler|move: Sticky Web\n|-unboost|p1a: Sneasler|spe|1\n|-ability|p1a: Sneasler|Pressure\n|-enditem|p1a: Sneasler|Electric Seed\n|-boost|p1a: Sneasler|def|1|[from] item: Electric Seed\n|turn|14\n|\n|t:|1711916299\n|move|p1a: Sneasler|Malignant Chain|p2a: Iron Hands\n|-damage|p2a: Iron Hands|65\/100\n|move|p2a: Iron Hands|Thunder Cage|p1a: Sneasler\n|-damage|p1a: Sneasler|8\/100\n|-activate|p1a: Sneasler|move: Thunder Cage|[of] p2a: Iron Hands\n|\n|-heal|p2a: Iron Hands|71\/100|[from] item: Leftovers\n|-damage|p1a: Sneasler|0 fnt|[from] move: Thunder Cage|[partiallytrapped]\n|faint|p1a: Sneasler\n|upkeep\n|\n|t:|1711916301\n|switch|p1a: Iron Hands|Iron Hands|59\/100\n|-activate|p1a: Iron Hands|move: Sticky Web\n|-unboost|p1a: Iron Hands|spe|1\n|-activate|p1a: Iron Hands|ability: Quark Drive\n|-start|p1a: Iron Hands|quarkdriveatk\n|turn|15\n|\n|t:|1711916308\n|move|p2a: Iron Hands|Secret Sword|p1a: Iron Hands\n|-damage|p1a: Iron Hands|23\/100\n|move|p1a: Iron Hands|Secret Sword|p2a: Iron Hands\n|-damage|p2a: Iron Hands|31\/100\n|\n|-heal|p2a: Iron Hands|37\/100|[from] item: Leftovers\n|upkeep\n|turn|16\n|\n|t:|1711916312\n|move|p1a: Iron Hands|Thunderclap|p2a: Iron Hands\n|-resisted|p2a: Iron Hands\n|-damage|p2a: Iron Hands|18\/100\n|move|p2a: Iron Hands|Secret Sword|p1a: Iron Hands\n|-damage|p1a: Iron Hands|0 fnt\n|faint|p1a: Iron Hands\n|-end|p1a: Iron Hands|Quark Drive|[silent]\n|\n|win|Crown Oji\n|n|\u2606happysh|happysh\n|n|\u2606Crown Oji|crownoji\n|n|*Lady Monita \u2746|ladymonita\n|n| Nameless_Spectre|namelessspectre\n|n| A Welcome Guest|awelcomeguest\n","uploadtime":1711916312,"views":0,"formatid":"gen9stabmons","rating":null,"private":0,"password":null}