{"id":"gen9stabmons-2093095455","format":"[Gen 9] STABmons","players":["dragonmaster441","untrue_reality"],"log":"|html|<div class=\"broadcast-blue\"><strong>[Gen 9] STABmons is currently suspecting Gouging Fire! For information on how to participate check out the <a href=\"https:\/\/www.smogon.com\/forums\/threads\/stabmons-suspect-4-gouging-fire-i-dont-want-to-set-the-world-on-fire.3739099\/\">suspect thread<\/a>.<\/strong><\/div>\n|j|\u2606dragonmaster441\n|j|\u2606untrue_reality\n|t:|1711912464\n|gametype|singles\n|player|p1|dragonmaster441|acetrainerf-gen4|1152\n|player|p2|untrue_reality|psychic-gen2|1117\n|teamsize|p1|6\n|teamsize|p2|6\n|gen|9\n|tier|[Gen 9] STABmons\n|rated|\n|rule|Species Clause: Limit one of each Pok\u00e9mon\n|rule|OHKO Clause: OHKO moves are banned\n|rule|Evasion Moves Clause: Evasion moves are banned\n|rule|Endless Battle Clause: Forcing endless battles is banned\n|rule|HP Percentage Mod: HP is shown in percentages\n|rule|Sleep Moves Clause: Sleep-inducing moves are banned\n|clearpoke\n|poke|p1|Kleavor, M|\n|poke|p1|Blissey, F|\n|poke|p1|Great Tusk|\n|poke|p1|Salamence, F|\n|poke|p1|Thundurus-Therian, M|\n|poke|p1|Toxapex, F|\n|poke|p2|Gliscor, M|\n|poke|p2|Toxapex, F|\n|poke|p2|Gholdengo|\n|poke|p2|Hydrapple, F|\n|poke|p2|Garganacl, M|\n|poke|p2|Slither Wing|\n|teampreview\n|inactive|Battle timer is ON: inactive players will automatically lose when time's up. (requested by untrue_reality)\n|c|\u2606dragonmaster441|hf\n|c|\u2606untrue_reality|u2\n|\n|t:|1711912487\n|start\n|switch|p1a: Toxapex|Toxapex, F|100\/100\n|switch|p2a: RAGE|Gholdengo|100\/100\n|turn|1\n|\n|t:|1711912494\n|move|p2a: RAGE|Nasty Plot|p2a: RAGE\n|-boost|p2a: RAGE|spa|2\n|move|p1a: Toxapex|Flip Turn|p2a: RAGE\n|-damage|p2a: RAGE|91\/100\n|\n|t:|1711912502\n|switch|p1a: Blissey|Blissey, F|100\/100|[from] Flip Turn\n|\n|-heal|p2a: RAGE|97\/100|[from] item: Leftovers\n|upkeep\n|turn|2\n|\n|t:|1711912505\n|move|p2a: RAGE|Nasty Plot|p2a: RAGE\n|-boost|p2a: RAGE|spa|2\n|move|p1a: Blissey|Whirlwind|p2a: RAGE\n|-immune|p2a: RAGE|[from] ability: Good as Gold\n|\n|-heal|p2a: RAGE|100\/100|[from] item: Leftovers\n|upkeep\n|turn|3\n|\n|t:|1711912512\n|move|p2a: RAGE|Tachyon Cutter|p1a: Blissey\n|-crit|p1a: Blissey\n|-damage|p1a: Blissey|63\/100\n|-damage|p1a: Blissey|39\/100\n|-hitcount|p1a: Blissey|2\n|move|p1a: Blissey|Slack Off|p1a: Blissey\n|-heal|p1a: Blissey|89\/100\n|\n|upkeep\n|turn|4\n|\n|t:|1711912520\n|move|p2a: RAGE|Nasty Plot|p2a: RAGE\n|-boost|p2a: RAGE|spa|2\n|move|p1a: Blissey|Slack Off|p1a: Blissey\n|-heal|p1a: Blissey|100\/100\n|\n|upkeep\n|turn|5\n|\n|t:|1711912529\n|move|p2a: RAGE|Tachyon Cutter|p1a: Blissey\n|-crit|p1a: Blissey\n|-damage|p1a: Blissey|48\/100\n|-damage|p1a: Blissey|16\/100\n|-hitcount|p1a: Blissey|2\n|move|p1a: Blissey|Slack Off|p1a: Blissey\n|-heal|p1a: Blissey|66\/100\n|\n|upkeep\n|turn|6\n|\n|t:|1711912535\n|move|p2a: RAGE|Tachyon Cutter|p1a: Blissey\n|-damage|p1a: Blissey|33\/100\n|-damage|p1a: Blissey|0 fnt\n|faint|p1a: Blissey\n|-hitcount|p1: Blissey|2\n|\n|upkeep\n|\n|t:|1711912539\n|switch|p1a: Toxapex|Toxapex, F|100\/100\n|turn|7\n|\n|t:|1711912541\n|move|p2a: RAGE|Infernal Parade|p1a: Toxapex\n|-damage|p1a: Toxapex|52\/100\n|move|p1a: Toxapex|Scald|p2a: RAGE\n|-damage|p2a: RAGE|78\/100\n|\n|-heal|p2a: RAGE|84\/100|[from] item: Leftovers\n|upkeep\n|turn|8\n|\n|t:|1711912551\n|move|p2a: RAGE|Infernal Parade|p1a: Toxapex\n|-damage|p1a: Toxapex|1\/100\n|move|p1a: Toxapex|Flip Turn|p2a: RAGE\n|-damage|p2a: RAGE|74\/100\n|\n|t:|1711912561\n|switch|p1a: Kleavor|Kleavor, M|100\/100|[from] Flip Turn\n|\n|-heal|p2a: RAGE|80\/100|[from] item: Leftovers\n|upkeep\n|turn|9\n|\n|t:|1711912567\n|move|p1a: Kleavor|Mighty Cleave|p2a: RAGE\n|-resisted|p2a: RAGE\n|-damage|p2a: RAGE|54\/100\n|move|p2a: RAGE|Tachyon Cutter|p1a: Kleavor\n|-supereffective|p1a: Kleavor\n|-damage|p1a: Kleavor|0 fnt\n|faint|p1a: Kleavor\n|-hitcount|p1: Kleavor|1\n|\n|-heal|p2a: RAGE|60\/100|[from] item: Leftovers\n|upkeep\n|\n|t:|1711912574\n|switch|p1a: Thundurus|Thundurus-Therian, M|100\/100\n|turn|10\n|\n|t:|1711912580\n|move|p1a: Thundurus|Electro Drift|p2a: RAGE\n|-damage|p2a: RAGE|0 fnt\n|faint|p2a: RAGE\n|\n|upkeep\n|\n|t:|1711912586\n|switch|p2a: IF IT AINT SPIK|Gliscor, M|100\/100\n|turn|11\n|\n|t:|1711912592\n|switch|p1a: Salamence|Salamence, F|100\/100\n|-ability|p1a: Salamence|Intimidate|boost\n|-unboost|p2a: IF IT AINT SPIK|atk|1\n|move|p2a: IF IT AINT SPIK|Toxic|p1a: Salamence\n|-status|p1a: Salamence|tox\n|-enditem|p1a: Salamence|Lum Berry|[eat]\n|-curestatus|p1a: Salamence|tox|[msg]\n|\n|-status|p2a: IF IT AINT SPIK|tox|[from] item: Toxic Orb\n|upkeep\n|turn|12\n|\n|t:|1711912603\n|-terastallize|p1a: Salamence|Steel\n|move|p1a: Salamence|Dragon Dance|p1a: Salamence\n|-boost|p1a: Salamence|atk|1\n|-boost|p1a: Salamence|spe|1\n|move|p2a: IF IT AINT SPIK|Toxic|p1a: Salamence\n|-immune|p1a: Salamence\n|\n|upkeep\n|turn|13\n|\n|t:|1711912614\n|move|p1a: Salamence|Dragon Ascent|p2a: IF IT AINT SPIK\n|-damage|p2a: IF IT AINT SPIK|19\/100 tox\n|-unboost|p1a: Salamence|def|1\n|-unboost|p1a: Salamence|spd|1\n|move|p2a: IF IT AINT SPIK|Earthquake|p1a: Salamence\n|-supereffective|p1a: Salamence\n|-damage|p1a: Salamence|21\/100\n|\n|-heal|p2a: IF IT AINT SPIK|31\/100 tox|[from] ability: Poison Heal\n|upkeep\n|turn|14\n|\n|t:|1711912625\n|switch|p2a: LIKE STEVIE|Toxapex, F|100\/100\n|move|p1a: Salamence|Dragon Darts|p2a: LIKE STEVIE\n|-damage|p2a: LIKE STEVIE|75\/100\n|-anim|p1a: Salamence|Dragon Darts|p2a: LIKE STEVIE\n|-damage|p2a: LIKE STEVIE|49\/100\n|\n|upkeep\n|turn|15\n|\n|t:|1711912631\n|move|p1a: Salamence|Dragon Darts|p2a: LIKE STEVIE\n|-damage|p2a: LIKE STEVIE|21\/100\n|-anim|p1a: Salamence|Dragon Darts|p2a: LIKE STEVIE\n|-damage|p2a: LIKE STEVIE|0 fnt\n|faint|p2a: LIKE STEVIE\n|\n|upkeep\n|\n|t:|1711912636\n|switch|p2a: PLAYBOI|Slither Wing|100\/100\n|turn|16\n|\n|t:|1711912641\n|move|p2a: PLAYBOI|First Impression|p1a: Salamence\n|-resisted|p1a: Salamence\n|-damage|p1a: Salamence|0 fnt\n|faint|p1a: Salamence\n|\n|upkeep\n|\n|t:|1711912645\n|switch|p1a: Great Tusk|Great Tusk|100\/100\n|turn|17\n|inactive|untrue_reality has 120 seconds left.\n|inactive|untrue_reality has 90 seconds left.\n|\n|t:|1711912716\n|-end|p2a: PLAYBOI|Protosynthesis|[silent]\n|switch|p2a: Trippie|Hydrapple, F|100\/100\n|move|p1a: Great Tusk|Spikes|p2a: Trippie\n|-sidestart|p2: untrue_reality|Spikes\n|\n|upkeep\n|turn|18\n|\n|t:|1711912721\n|move|p1a: Great Tusk|Knock Off|p2a: Trippie\n|-damage|p2a: Trippie|84\/100\n|-enditem|p2a: Trippie|Heavy-Duty Boots|[from] move: Knock Off|[of] p1a: Great Tusk\n|move|p2a: Trippie|Matcha Gotcha|p1a: Great Tusk\n|-supereffective|p1a: Great Tusk\n|-damage|p1a: Great Tusk|20\/100\n|-heal|p2a: Trippie|100\/100|[from] drain|[of] p1a: Great Tusk\n|\n|upkeep\n|turn|19\n|\n|t:|1711912732\n|-end|p1a: Great Tusk|Protosynthesis|[silent]\n|switch|p1a: Thundurus|Thundurus-Therian, M|100\/100\n|move|p2a: Trippie|Nasty Plot|p2a: Trippie\n|-boost|p2a: Trippie|spa|2\n|\n|upkeep\n|turn|20\n|inactive|untrue_reality has 90 seconds left.\n|inactive|untrue_reality has 60 seconds left.\n|\n|t:|1711912787\n|-terastallize|p2a: Trippie|Steel\n|move|p1a: Thundurus|Aeroblast|p2a: Trippie\n|-resisted|p2a: Trippie\n|-damage|p2a: Trippie|58\/100\n|move|p2a: Trippie|Fickle Beam|p1a: Thundurus|[anim] Fickle Beam All Out\n|-activate|p2a: Trippie|move: Fickle Beam\n|-damage|p1a: Thundurus|0 fnt\n|faint|p1a: Thundurus\n|\n|upkeep\n|\n|t:|1711912795\n|switch|p1a: Toxapex|Toxapex, F|35\/100\n|turn|21\n|\n|t:|1711912799\n|move|p2a: Trippie|Fickle Beam|p1a: Toxapex\n|-damage|p1a: Toxapex|0 fnt\n|faint|p1a: Toxapex\n|\n|upkeep\n|inactive|dragonmaster441 has 120 seconds left.\n|\n|t:|1711912833\n|switch|p1a: Great Tusk|Great Tusk|20\/100\n|turn|22\n|\n|t:|1711912836\n|move|p1a: Great Tusk|Shore Up|p1a: Great Tusk\n|-heal|p1a: Great Tusk|70\/100\n|move|p2a: Trippie|Fickle Beam|p1a: Great Tusk|[anim] Fickle Beam All Out\n|-activate|p2a: Trippie|move: Fickle Beam\n|-damage|p1a: Great Tusk|0 fnt\n|faint|p1a: Great Tusk\n|-end|p1a: Great Tusk|Protosynthesis|[silent]\n|\n|win|untrue_reality\n|raw|dragonmaster441's rating: 1152 &rarr; <strong>1124<\/strong><br \/>(-28 for losing)\n|raw|untrue_reality's rating: 1117 &rarr; <strong>1145<\/strong><br \/>(+28 for winning)\n","uploadtime":1711912838,"views":0,"formatid":"gen9stabmons","rating":1124,"private":0,"password":null}