|j|☆Drop A Lando
|j|☆medusssaaa
|inactive|Battle timer is ON: inactive players will automatically lose when time's up.
|t:|1711895120
|gametype|singles
|player|p1|Drop A Lando|preschoolerf|
|player|p2|medusssaaa|170|
|teamsize|p1|6
|teamsize|p2|6
|gen|9
|tier|[Gen 9] STABmons
|rated|Tournament battle
|rule|Species Clause: Limit one of each Pokémon
|rule|OHKO Clause: OHKO moves are banned
|rule|Evasion Moves Clause: Evasion moves are banned
|rule|Endless Battle Clause: Forcing endless battles is banned
|rule|HP Percentage Mod: HP is shown in percentages
|rule|Sleep Moves Clause: Sleep-inducing moves are banned
|rule|Same Type Clause: Pokémon in a team must share a type
|rule|Terastal Clause: You cannot Terastallize
|clearpoke
|poke|p1|Yanmega, F|
|poke|p1|Moltres|
|poke|p1|Corviknight, F|
|poke|p1|Thundurus-Therian, M|
|poke|p1|Landorus-Therian, M|
|poke|p1|Zapdos-Galar|
|poke|p2|Raging Bolt|
|poke|p2|Gouging Fire|
|poke|p2|Kyurem|
|poke|p2|Archaludon, M|
|poke|p2|Latios, M|
|poke|p2|Dragalge, M|
|teampreview
|inactive|Drop A Lando also wants the timer to be on.
|j| Murphy Lawden
|c|☆Drop A Lando|oh wow
|c|☆Drop A Lando|glhf
|c|☆medusssaaa|u2
|j|+mauby ♆
|inactive|medusssaaa has 120 seconds left.
|j|%Toy Time King
|
|t:|1711895154
|start
|switch|p1a: Landorus|Landorus-Therian, M|100/100
|switch|p2a: Latios|Latios, M|100/100
|-ability|p1a: Landorus|Intimidate|boost
|-unboost|p2a: Latios|atk|1
|turn|1
|c| Murphy Lawden|Terrible mu
|
|t:|1711895169
|switch|p1a: Corviknight|Corviknight, F|100/100
|-ability|p1a: Corviknight|Pressure
|move|p2a: Latios|Dynamax Cannon|p1a: Corviknight
|-resisted|p1a: Corviknight
|-damage|p1a: Corviknight|82/100
|
|-heal|p1a: Corviknight|88/100|[from] item: Leftovers
|upkeep
|turn|2
|c|☆Drop A Lando|indeed
|c|☆Drop A Lando|but
|c|☆medusssaaa|not rlly
|
|t:|1711895180
|switch|p2a: Raging Bolt|Raging Bolt|100/100
|move|p1a: Corviknight|Behemoth Bash|p2a: Raging Bolt
|-resisted|p2a: Raging Bolt
|-damage|p2a: Raging Bolt|89/100
|
|-heal|p1a: Corviknight|94/100|[from] item: Leftovers
|upkeep
|turn|3
|c|☆medusssaaa|he has yanmega hell be fine
|
|t:|1711895188
|switch|p1a: Landorus|Landorus-Therian, M|100/100
|-ability|p1a: Landorus|Intimidate|boost
|-unboost|p2a: Raging Bolt|atk|1
|move|p2a: Raging Bolt|Calm Mind|p2a: Raging Bolt
|-boost|p2a: Raging Bolt|spa|1
|-boost|p2a: Raging Bolt|spd|1
|
|upkeep
|turn|4
|
|t:|1711895199
|move|p1a: Landorus|Precipice Blades|p2a: Raging Bolt
|-supereffective|p2a: Raging Bolt
|-damage|p2a: Raging Bolt|0 fnt
|faint|p2a: Raging Bolt
|-end|p2a: Raging Bolt|Protosynthesis|[silent]
|
|upkeep
|
|t:|1711895202
|switch|p2a: Kyurem|Kyurem|100/100
|-ability|p2a: Kyurem|Pressure
|turn|5
|
|t:|1711895208
|switch|p1a: Corviknight|Corviknight, F|94/100
|-ability|p1a: Corviknight|Pressure
|move|p2a: Kyurem|Dragon Dance|p2a: Kyurem
|-boost|p2a: Kyurem|atk|1
|-boost|p2a: Kyurem|spe|1
|
|-heal|p1a: Corviknight|100/100|[from] item: Leftovers
|upkeep
|turn|6
|c| Murphy Lawden|Ok
|c| Murphy Lawden|Yes
|
|t:|1711895213
|move|p2a: Kyurem|Dragon Dance|p2a: Kyurem
|-boost|p2a: Kyurem|atk|1
|-boost|p2a: Kyurem|spe|1
|move|p1a: Corviknight|Behemoth Bash|p2a: Kyurem
|-supereffective|p2a: Kyurem
|-damage|p2a: Kyurem|40/100
|
|upkeep
|turn|7
|
|t:|1711895218
|move|p2a: Kyurem|Glacial Lance|p1a: Corviknight
|-damage|p1a: Corviknight|0 fnt
|faint|p1a: Corviknight
|
|upkeep
|c| Murphy Lawden|Hah
|c|☆Drop A Lando|oh wtf?
|c|☆Drop A Lando|lol ggs?
|c|☆medusssaaa|nah
|c|☆Drop A Lando|thats crazy.
|c|☆Drop A Lando|bro
|c|☆Drop A Lando|nothing lives that.
|
|t:|1711895244
|switch|p1a: Moltres|Moltres|100/100
|turn|8
|c|☆medusssaaa|try
|l| Murphy Lawden
|j| Uta The Clown
|
|t:|1711895251
|move|p2a: Kyurem|Glacial Lance|p1a: Moltres
|-damage|p1a: Moltres|16/100
|move|p1a: Moltres|Roar|p2a: Kyurem
|drag|p2a: Archaludon|Archaludon, M|100/100
|
|upkeep
|turn|9
|c|☆Drop A Lando|lol what
|c|☆medusssaaa|see
|c|☆Drop A Lando|how does moltres liveeeeee
|j| Murphy Lawden
|c|☆medusssaaa|low roll maybve
|
|t:|1711895266
|move|p1a: Moltres|Roost|p1a: Moltres
|-heal|p1a: Moltres|66/100
|-singleturn|p1a: Moltres|move: Roost
|move|p2a: Archaludon|Stealth Rock|p1a: Moltres
|-sidestart|p1: Drop A Lando|move: Stealth Rock
|
|upkeep
|turn|10
|l| Murphy Lawden
|
|t:|1711895292
|switch|p2a: Gouging Fire|Gouging Fire|100/100
|move|p1a: Moltres|Defog|p2a: Gouging Fire
|-unboost|p2a: Gouging Fire|evasion|1
|-sideend|p1: Drop A Lando|Stealth Rock|[from] move: Defog|[of] p1a: Moltres
|
|upkeep
|turn|11
|c|☆Drop A Lando|potentially
|
|t:|1711895298
|move|p2a: Gouging Fire|Dragon Dance|p2a: Gouging Fire
|-boost|p2a: Gouging Fire|atk|1
|-boost|p2a: Gouging Fire|spe|1
|move|p1a: Moltres|Roar|p2a: Gouging Fire
|-end|p2a: Gouging Fire|Protosynthesis|[silent]
|drag|p2a: Kyurem|Kyurem|40/100
|-ability|p2a: Kyurem|Pressure
|
|upkeep
|turn|12
|
|t:|1711895309
|switch|p2a: Dragalge|Dragalge, M|100/100
|move|p1a: Moltres|Roost|p1a: Moltres
|-heal|p1a: Moltres|100/100
|-singleturn|p1a: Moltres|move: Roost
|
|upkeep
|turn|13
|
|t:|1711895317
|switch|p1a: Thundurus|Thundurus-Therian, M|100/100
|move|p2a: Dragalge|Mortal Spin|p1a: Thundurus
|-damage|p1a: Thundurus|85/100
|-status|p1a: Thundurus|psn
|
|-damage|p1a: Thundurus|73/100 psn|[from] psn
|upkeep
|turn|14
|
|t:|1711895326
|switch|p2a: Archaludon|Archaludon, M|100/100
|move|p1a: Thundurus|Psychic|p2a: Archaludon
|-resisted|p2a: Archaludon
|-damage|p2a: Archaludon|77/100
|-unboost|p2a: Archaludon|spd|1
|-ability|p2a: Archaludon|Stamina|boost
|-boost|p2a: Archaludon|def|1
|
|-heal|p2a: Archaludon|84/100|[from] item: Leftovers
|-damage|p1a: Thundurus|60/100 psn|[from] psn
|upkeep
|turn|15
|
|t:|1711895337
|move|p1a: Thundurus|Focus Blast|p2a: Archaludon
|-supereffective|p2a: Archaludon
|-damage|p2a: Archaludon|0 fnt
|faint|p2a: Archaludon
|
|-damage|p1a: Thundurus|48/100 psn|[from] psn
|upkeep
|
|t:|1711895341
|switch|p2a: Latios|Latios, M|100/100
|turn|16
|c|☆Drop A Lando|huge
|
|t:|1711895345
|move|p2a: Latios|Dynamax Cannon|p1a: Thundurus
|-damage|p1a: Thundurus|0 fnt
|faint|p1a: Thundurus
|
|upkeep
|
|t:|1711895351
|switch|p1a: Landorus|Landorus-Therian, M|100/100
|-ability|p1a: Landorus|Intimidate|boost
|-unboost|p2a: Latios|atk|1
|turn|17
|
|t:|1711895355
|move|p2a: Latios|Dynamax Cannon|p1a: Landorus
|-damage|p1a: Landorus|39/100
|move|p1a: Landorus|Dragon Ascent|p2a: Latios
|-damage|p2a: Latios|0 fnt
|-unboost|p1a: Landorus|def|1
|-unboost|p1a: Landorus|spd|1
|faint|p2a: Latios
|
|upkeep
|
|t:|1711895361
|switch|p2a: Kyurem|Kyurem|40/100
|-ability|p2a: Kyurem|Pressure
|turn|18
|
|t:|1711895365
|switch|p1a: Moltres|Moltres|100/100
|move|p2a: Kyurem|Dragon Dance|p2a: Kyurem
|-boost|p2a: Kyurem|atk|1
|-boost|p2a: Kyurem|spe|1
|
|upkeep
|turn|19
|
|t:|1711895369
|move|p2a: Kyurem|Glacial Lance|p1a: Moltres
|-damage|p1a: Moltres|39/100
|move|p1a: Moltres|Roar|p2a: Kyurem
|drag|p2a: Dragalge|Dragalge, M|100/100
|
|upkeep
|turn|20
|j| Murphy Lawden
|
|t:|1711895374
|move|p1a: Moltres|Roost|p1a: Moltres
|-heal|p1a: Moltres|90/100
|-singleturn|p1a: Moltres|move: Roost
|move|p2a: Dragalge|Mortal Spin|p1a: Moltres
|-damage|p1a: Moltres|82/100
|-status|p1a: Moltres|psn
|-status|p2a: Dragalge|brn|[from] ability: Flame Body|[of] p1a: Moltres
|
|-damage|p1a: Moltres|70/100 psn|[from] psn
|-damage|p2a: Dragalge|94/100 brn|[from] brn
|upkeep
|turn|21
|
|t:|1711895385
|switch|p1a: Yanmega|Yanmega, F|100/100
|move|p2a: Dragalge|Malignant Chain|p1a: Yanmega
|-damage|p1a: Yanmega|21/100
|
|-heal|p2a: Dragalge|100/100 brn|[from] item: Black Sludge
|-damage|p2a: Dragalge|94/100 brn|[from] brn
|upkeep
|turn|22
|
|t:|1711895392
|move|p1a: Yanmega|Hurricane|p2a: Dragalge
|-damage|p2a: Dragalge|46/100 brn
|-start|p2a: Dragalge|confusion
|-damage|p1a: Yanmega|11/100|[from] item: Life Orb
|-activate|p2a: Dragalge|confusion
|-damage|p2a: Dragalge|40/100 brn|[from] confusion
|
|-heal|p2a: Dragalge|46/100 brn|[from] item: Black Sludge
|-damage|p2a: Dragalge|40/100 brn|[from] brn
|-ability|p1a: Yanmega|Speed Boost|boost
|-boost|p1a: Yanmega|spe|1
|upkeep
|turn|23
|c| Murphy Lawden|That did so much
|
|t:|1711895403
|move|p1a: Yanmega|Hurricane|p2a: Dragalge
|-damage|p2a: Dragalge|0 fnt
|faint|p2a: Dragalge
|-damage|p1a: Yanmega|1/100|[from] item: Life Orb
|
|-ability|p1a: Yanmega|Speed Boost|boost
|-boost|p1a: Yanmega|spe|1
|upkeep
|
|t:|1711895412
|switch|p2a: Kyurem|Kyurem|40/100
|-ability|p2a: Kyurem|Pressure
|turn|24
|
|t:|1711895414
|move|p2a: Kyurem|Ice Shard|p1a: Yanmega
|-supereffective|p1a: Yanmega
|-damage|p1a: Yanmega|0 fnt
|faint|p1a: Yanmega
|
|upkeep
|
|t:|1711895418
|switch|p1a: Zapdos|Zapdos-Galar|100/100
|turn|25
|
|t:|1711895423
|move|p1a: Zapdos|Combat Torque|p2a: Kyurem
|-supereffective|p2a: Kyurem
|-crit|p2a: Kyurem
|-damage|p2a: Kyurem|0 fnt
|faint|p2a: Kyurem
|
|upkeep
|
|t:|1711895426
|switch|p2a: Gouging Fire|Gouging Fire|100/100
|turn|26
|c|☆medusssaaa|gg
|
|t:|1711895429
|move|p1a: Zapdos|Combat Torque|p2a: Gouging Fire
|-damage|p2a: Gouging Fire|49/100
|move|p2a: Gouging Fire|Dragon Dance|p2a: Gouging Fire
|-boost|p2a: Gouging Fire|atk|1
|-boost|p2a: Gouging Fire|spe|1
|
|upkeep
|turn|27
|
|t:|1711895434
|move|p2a: Gouging Fire|Bitter Blade|p1a: Zapdos
|-damage|p1a: Zapdos|42/100
|-heal|p2a: Gouging Fire|72/100|[from] drain|[of] p1a: Zapdos
|move|p1a: Zapdos|Combat Torque|p2a: Gouging Fire
|-damage|p2a: Gouging Fire|22/100
|
|upkeep
|turn|28
|
|t:|1711895439
|move|p2a: Gouging Fire|Bitter Blade|p1a: Zapdos
|-damage|p1a: Zapdos|0 fnt
|-heal|p2a: Gouging Fire|38/100|[from] drain|[of] p1a: Zapdos
|faint|p1a: Zapdos
|
|upkeep
|
|t:|1711895441
|switch|p1a: Moltres|Moltres|70/100 psn
|turn|29
|j| Zack Palace
|c|☆Drop A Lando|yea i lose this
|c|☆Drop A Lando|NOOO
|c|☆Drop A Lando|my first tour win
|c|☆medusssaaa|no you win lol
|c|☆Drop A Lando|damn ggs
|c|☆medusssaaa|i dont take this out
|c| Murphy Lawden|Nah
|
|t:|1711895467
|move|p2a: Gouging Fire|Dragon Darts|p1a: Moltres
|-damage|p1a: Moltres|50/100 psn
|-anim|p2a: Gouging Fire|Dragon Darts|p1a: Moltres
|-damage|p1a: Moltres|31/100 psn
|move|p1a: Moltres|Torch Song|p2a: Gouging Fire
|-resisted|p2a: Gouging Fire
|-damage|p2a: Gouging Fire|32/100
|-boost|p1a: Moltres|spa|1
|
|-damage|p1a: Moltres|18/100 psn|[from] psn
|upkeep
|turn|30
|
|t:|1711895479
|move|p2a: Gouging Fire|Dragon Dance|p2a: Gouging Fire
|-boost|p2a: Gouging Fire|atk|1
|-boost|p2a: Gouging Fire|spe|1
|move|p1a: Moltres|Roost|p1a: Moltres
|-heal|p1a: Moltres|68/100 psn
|-singleturn|p1a: Moltres|move: Roost
|
|-damage|p1a: Moltres|56/100 psn|[from] psn
|upkeep
|turn|31
|
|t:|1711895485
|move|p2a: Gouging Fire|Dragon Dance|p2a: Gouging Fire
|-boost|p2a: Gouging Fire|atk|1
|-boost|p2a: Gouging Fire|spe|1
|move|p1a: Moltres|Torch Song|p2a: Gouging Fire
|-resisted|p2a: Gouging Fire
|-damage|p2a: Gouging Fire|24/100
|-boost|p1a: Moltres|spa|1
|
|-damage|p1a: Moltres|44/100 psn|[from] psn
|upkeep
|turn|32
|c|☆Drop A Lando|wdym
|
|t:|1711895490
|move|p2a: Gouging Fire|Dragon Darts|p1a: Moltres
|-damage|p1a: Moltres|8/100 psn
|-anim|p2a: Gouging Fire|Dragon Darts|p1a: Moltres
|-damage|p1a: Moltres|0 fnt
|faint|p1a: Moltres
|
|upkeep
|c|☆Drop A Lando|you wall me?
|c| Murphy Lawden|And it doesn't take him out out too
|c|☆Drop A Lando|lol?
|
|t:|1711895497
|switch|p1a: Landorus|Landorus-Therian, M|39/100
|-ability|p1a: Landorus|Intimidate|boost
|-unboost|p2a: Gouging Fire|atk|1
|turn|33
|c|☆Drop A Lando|yea whatevs
|c|☆Drop A Lando|ggs
|c|☆medusssaaa|thought you had flying
|c|☆medusssaaa|gg
|c|☆Drop A Lando|i should have put in lando first
|c|☆Drop A Lando|bc i outsped
|c|☆medusssaaa|probs yea
|c|☆Drop A Lando|no way ur max speed gouging
|c|☆Drop A Lando|no one does that
|c|☆medusssaaa|nope
|c| Murphy Lawden|You should have gone hard lamdo
|c|☆Drop A Lando|so i just threw
|c|☆Drop A Lando|im actually so mad i threw that
|c|☆Drop A Lando|crazy
|c|☆Drop A Lando|ggs
|inactive|Drop A Lando has 120 seconds left.
|
|t:|1711895528
|move|p2a: Gouging Fire|Dragon Darts|p1a: Landorus
|-damage|p1a: Landorus|0 fnt
|faint|p1a: Landorus
|
|win|medusssaaa
|n|☆Drop A Lando|dropalando
|n|☆medusssaaa|medusssaaa
|n| mauby ♆|mauby
|n| Toy Time King|toytimeking
|n| Uta The Clown|utatheclown
|n| Murphy Lawden|murphylawden
|n| Zack Palace|zackpalace
|c|☆medusssaaa|ggs
|c|☆Drop A Lando|gougin ban when?
|l| Toy Time King
|c|☆Drop A Lando|fkn over it lmfao
|l|☆Drop A Lando
|player|p1|
|l|☆medusssaaa
|player|p2|
|l| Uta The Clown
|l| Zack Palace
|l| Murphy Lawden
|l| mauby ♆
|j| Uta The Clown
