|inactive|Battle timer is ON: inactive players will automatically lose when time's up.
|t:|1711916298
|gametype|singles
|player|p1|nonsense bungaku|swimmerf-gen6|
|player|p2|Treeko928|hilbert-wonderlauncher|
|teamsize|p1|6
|teamsize|p2|6
|gen|9
|tier|[Gen 9] STABmons
|rule|Species Clause: Limit one of each Pokémon
|rule|OHKO Clause: OHKO moves are banned
|rule|Evasion Moves Clause: Evasion moves are banned
|rule|Endless Battle Clause: Forcing endless battles is banned
|rule|HP Percentage Mod: HP is shown in percentages
|rule|Sleep Moves Clause: Sleep-inducing moves are banned
|clearpoke
|poke|p1|Gliscor, M|
|poke|p1|Gholdengo|
|poke|p1|Mandibuzz, F|
|poke|p1|Toxapex, F|
|poke|p1|Skeledirge, F|
|poke|p1|Tyranitar, M|
|poke|p2|Kleavor, F|
|poke|p2|Iron Valiant|
|poke|p2|Gouging Fire|
|poke|p2|Thundurus-Therian, M|
|poke|p2|Meloetta|
|poke|p2|Bisharp, F|
|teampreview
|c|☆nonsense bungaku|glhf
|c|☆Treeko928|u2
|inactive|Treeko928 has 270 seconds left.
|inactive|Treeko928 has 240 seconds left.
|inactive|Treeko928 has 210 seconds left.
|
|t:|1711916399
|start
|switch|p1a: KEYS TO MY LIFE|Toxapex, F, shiny|100/100
|switch|p2a: Kleavor|Kleavor, F|100/100
|turn|1
|
|t:|1711916411
|move|p2a: Kleavor|Stone Axe|p1a: KEYS TO MY LIFE
|-damage|p1a: KEYS TO MY LIFE|63/100
|-sidestart|p1: nonsense bungaku|move: Stealth Rock
|move|p1a: KEYS TO MY LIFE|Mortal Spin|p2a: Kleavor
|-resisted|p2a: Kleavor
|-damage|p2a: Kleavor|96/100
|-status|p2a: Kleavor|psn
|-sideend|p1: nonsense bungaku|Stealth Rock|[from] move: Mortal Spin|[of] p1a: KEYS TO MY LIFE
|
|-damage|p2a: Kleavor|83/100 psn|[from] psn
|upkeep
|turn|2
|
|t:|1711916419
|move|p2a: Kleavor|Stone Axe|p1a: KEYS TO MY LIFE
|-damage|p1a: KEYS TO MY LIFE|29/100
|-sidestart|p1: nonsense bungaku|move: Stealth Rock
|move|p1a: KEYS TO MY LIFE|Scald|p2a: Kleavor
|-supereffective|p2a: Kleavor
|-damage|p2a: Kleavor|26/100 psn
|
|-damage|p2a: Kleavor|13/100 psn|[from] psn
|upkeep
|turn|3
|inactive|Treeko928 has 270 seconds left.
|
|t:|1711916428
|switch|p1a: BACK TO ME|Gliscor, M, shiny|100/100
|-damage|p1a: BACK TO ME|88/100|[from] Stealth Rock
|move|p2a: Kleavor|Stone Axe|p1a: BACK TO ME
|-damage|p1a: BACK TO ME|49/100
|
|-damage|p2a: Kleavor|1/100 psn|[from] psn
|-status|p1a: BACK TO ME|tox|[from] item: Toxic Orb
|upkeep
|turn|4
|inactive|Treeko928 has 270 seconds left.
|
|t:|1711916458
|move|p2a: Kleavor|Stone Axe|p1a: BACK TO ME
|-damage|p1a: BACK TO ME|8/100 tox
|move|p1a: BACK TO ME|Shore Up|p1a: BACK TO ME
|-heal|p1a: BACK TO ME|58/100 tox
|
|-damage|p2a: Kleavor|0 fnt|[from] psn
|faint|p2a: Kleavor
|-heal|p1a: BACK TO ME|70/100 tox|[from] ability: Poison Heal
|upkeep
|
|t:|1711916476
|switch|p2a: Thundurus|Thundurus-Therian, M|100/100
|turn|5
|
|t:|1711916485
|switch|p1a: KING|Tyranitar, M, shiny|100/100
|-damage|p1a: KING|88/100|[from] Stealth Rock
|-weather|Sandstorm|[from] ability: Sand Stream|[of] p1a: KING
|move|p2a: Thundurus|Nasty Plot|p2a: Thundurus
|-boost|p2a: Thundurus|spa|2
|
|-weather|Sandstorm|[upkeep]
|-damage|p2a: Thundurus|94/100|[from] Sandstorm
|upkeep
|turn|6
|
|t:|1711916499
|move|p1a: KING|Accelerock|p2a: Thundurus
|-supereffective|p2a: Thundurus
|-damage|p2a: Thundurus|0 fnt
|faint|p2a: Thundurus
|
|-weather|Sandstorm|[upkeep]
|upkeep
|
|t:|1711916512
|switch|p2a: Bisharp|Bisharp, F|100/100
|turn|7
|
|t:|1711916517
|switch|p1a: BACK TO ME|Gliscor, M, shiny|70/100 tox
|-damage|p1a: BACK TO ME|58/100 tox|[from] Stealth Rock
|move|p2a: Bisharp|Swords Dance|p2a: Bisharp
|-boost|p2a: Bisharp|atk|2
|
|-weather|Sandstorm|[upkeep]
|-heal|p1a: BACK TO ME|70/100 tox|[from] ability: Poison Heal
|upkeep
|turn|8
|
|t:|1711916524
|move|p1a: BACK TO ME|Precipice Blades|p2a: Bisharp|[miss]
|-miss|p1a: BACK TO ME|p2a: Bisharp
|move|p2a: Bisharp|Wicked Blow|p1a: BACK TO ME
|-crit|p1a: BACK TO ME
|-damage|p1a: BACK TO ME|0 fnt
|faint|p1a: BACK TO ME
|
|-weather|Sandstorm|[upkeep]
|upkeep
|
|t:|1711916529
|switch|p1a: VULTURES|Mandibuzz, F, shiny|100/100
|turn|9
|inactive|Treeko928 has 270 seconds left.
|
|t:|1711916537
|move|p2a: Bisharp|Sunsteel Strike|p1a: VULTURES
|-crit|p1a: VULTURES
|-damage|p1a: VULTURES|3/100
|move|p1a: VULTURES|Foul Play|p2a: Bisharp
|-resisted|p2a: Bisharp
|-damage|p2a: Bisharp|58/100
|
|-weather|none
|upkeep
|turn|10
|c|☆nonsense bungaku|hm
|inactive|Treeko928 has 270 seconds left.
|
|t:|1711916551
|move|p2a: Bisharp|Wicked Blow|p1a: VULTURES
|-resisted|p1a: VULTURES
|-crit|p1a: VULTURES
|-damage|p1a: VULTURES|0 fnt
|faint|p1a: VULTURES
|
|upkeep
|
|t:|1711916555
|switch|p1a: BURN|Skeledirge, F, shiny|100/100
|turn|11
|inactive|Treeko928 has 270 seconds left.
|
|t:|1711916585
|-terastallize|p2a: Bisharp|Fire
|-terastallize|p1a: BURN|Water
|move|p2a: Bisharp|Wicked Blow|p1a: BURN
|-crit|p1a: BURN
|-damage|p1a: BURN|52/100
|move|p1a: BURN|Torch Song|p2a: Bisharp
|-resisted|p2a: Bisharp
|-damage|p2a: Bisharp|41/100
|-boost|p1a: BURN|spa|1
|
|upkeep
|turn|12
|
|t:|1711916596
|move|p2a: Bisharp|Wicked Blow|p1a: BURN
|-crit|p1a: BURN
|-damage|p1a: BURN|0 fnt
|faint|p1a: BURN
|
|upkeep
|
|t:|1711916598
|switch|p1a: KING|Tyranitar, M, shiny|88/100
|-damage|p1a: KING|76/100|[from] Stealth Rock
|-weather|Sandstorm|[from] ability: Sand Stream|[of] p1a: KING
|turn|13
|
|t:|1711916625
|move|p2a: Bisharp|Sucker Punch|p1a: KING
|-resisted|p1a: KING
|-damage|p1a: KING|40/100
|move|p1a: KING|Accelerock|p2a: Bisharp
|-supereffective|p2a: Bisharp
|-damage|p2a: Bisharp|0 fnt
|faint|p2a: Bisharp
|
|-weather|Sandstorm|[upkeep]
|upkeep
|inactive|Treeko928 has 240 seconds left.
|inactive|Treeko928 has 210 seconds left.
|
|t:|1711916689
|switch|p2a: Iron Valiant|Iron Valiant|100/100
|-enditem|p2a: Iron Valiant|Booster Energy
|-activate|p2a: Iron Valiant|ability: Quark Drive|[fromitem]
|-start|p2a: Iron Valiant|quarkdrivespe
|turn|14
|
|t:|1711916701
|switch|p1a: PAID|Gholdengo|100/100
|move|p2a: Iron Valiant|Swords Dance|p2a: Iron Valiant
|-boost|p2a: Iron Valiant|atk|2
|
|-weather|Sandstorm|[upkeep]
|-damage|p2a: Iron Valiant|94/100|[from] Sandstorm
|upkeep
|turn|15
|
|t:|1711916707
|move|p2a: Iron Valiant|Magical Torque|p1a: PAID
|-resisted|p1a: PAID
|-damage|p1a: PAID|64/100
|move|p1a: PAID|Tachyon Cutter|p2a: Iron Valiant
|-supereffective|p2a: Iron Valiant
|-damage|p2a: Iron Valiant|13/100
|-supereffective|p2a: Iron Valiant
|-damage|p2a: Iron Valiant|0 fnt
|faint|p2a: Iron Valiant
|-end|p2a: Iron Valiant|Quark Drive|[silent]
|-hitcount|p2: Iron Valiant|2
|
|-weather|Sandstorm|[upkeep]
|upkeep
|inactive|Treeko928 has 180 seconds left.
|
|t:|1711916742
|switch|p2a: Meloetta|Meloetta|100/100
|turn|16
|
|t:|1711916752
|move|p2a: Meloetta|Calm Mind|p2a: Meloetta
|-boost|p2a: Meloetta|spa|1
|-boost|p2a: Meloetta|spd|1
|move|p1a: PAID|Nasty Plot|p1a: PAID
|-boost|p1a: PAID|spa|2
|
|-weather|Sandstorm|[upkeep]
|-damage|p2a: Meloetta|94/100|[from] Sandstorm
|-heal|p2a: Meloetta|100/100|[from] item: Leftovers
|upkeep
|turn|17
|inactive|Treeko928 has 180 seconds left.
|
|t:|1711916765
|move|p2a: Meloetta|Calm Mind|p2a: Meloetta
|-boost|p2a: Meloetta|spa|1
|-boost|p2a: Meloetta|spd|1
|move|p1a: PAID|Nasty Plot|p1a: PAID
|-boost|p1a: PAID|spa|2
|
|-weather|none
|upkeep
|turn|18
|inactive|Treeko928 has 180 seconds left.
|
|t:|1711916775
|move|p2a: Meloetta|Esper Wing|p1a: PAID
|-resisted|p1a: PAID
|-damage|p1a: PAID|30/100
|-boost|p2a: Meloetta|spe|1
|move|p1a: PAID|Tachyon Cutter|p2a: Meloetta
|-damage|p2a: Meloetta|78/100
|-damage|p2a: Meloetta|56/100
|-hitcount|p2a: Meloetta|2
|
|-heal|p2a: Meloetta|62/100|[from] item: Leftovers
|upkeep
|turn|19
|
|t:|1711916782
|move|p2a: Meloetta|Esper Wing|p1a: PAID
|-resisted|p1a: PAID
|-damage|p1a: PAID|0 fnt
|-boost|p2a: Meloetta|spe|1
|faint|p1a: PAID
|
|-heal|p2a: Meloetta|68/100|[from] item: Leftovers
|upkeep
|
|t:|1711916784
|switch|p1a: KING|Tyranitar, M, shiny|40/100
|-damage|p1a: KING|27/100|[from] Stealth Rock
|-weather|Sandstorm|[from] ability: Sand Stream|[of] p1a: KING
|turn|20
|
|t:|1711916788
|move|p2a: Meloetta|Boomburst|p1a: KING
|-resisted|p1a: KING
|-damage|p1a: KING|0 fnt
|faint|p1a: KING
|
|-weather|Sandstorm|[upkeep]
|-damage|p2a: Meloetta|62/100|[from] Sandstorm
|-heal|p2a: Meloetta|68/100|[from] item: Leftovers
|upkeep
|c|☆nonsense bungaku|gg
|c|☆Treeko928|gg
|-message|nonsense bungaku forfeited.
|
|win|Treeko928
|player|p1|
