{"id":"smogtours-gen9stabmons-757876","format":"[Gen 9] STABmons","players":["nonsense bungaku","Treeko928"],"log":"|inactive|Battle timer is ON: inactive players will automatically lose when time's up.\n|t:|1711916885\n|gametype|singles\n|player|p1|nonsense bungaku|swimmerf-gen6|\n|player|p2|Treeko928|hilbert-wonderlauncher|\n|teamsize|p1|6\n|teamsize|p2|6\n|gen|9\n|tier|[Gen 9] STABmons\n|rule|Species Clause: Limit one of each Pok\u00e9mon\n|rule|OHKO Clause: OHKO moves are banned\n|rule|Evasion Moves Clause: Evasion moves are banned\n|rule|Endless Battle Clause: Forcing endless battles is banned\n|rule|HP Percentage Mod: HP is shown in percentages\n|rule|Sleep Moves Clause: Sleep-inducing moves are banned\n|clearpoke\n|poke|p1|Toxapex, F|\n|poke|p1|Landorus-Therian, M|\n|poke|p1|Ogerpon-Wellspring, F|\n|poke|p1|Kyurem|\n|poke|p1|Iron Valiant|\n|poke|p1|Magnezone|\n|poke|p2|Gliscor, M|\n|poke|p2|Gholdengo|\n|poke|p2|Toxapex, M|\n|poke|p2|Raging Bolt|\n|poke|p2|Sylveon, M|\n|poke|p2|Greninja-*, M|\n|teampreview\n|c|\u2606nonsense bungaku|glhf\n|c|\u2606Treeko928|u2\n|inactive|Treeko928 has 270 seconds left.\n|inactive|Treeko928 has 240 seconds left.\n|inactive|nonsense bungaku has 270 seconds left.\n|\n|t:|1711916953\n|start\n|switch|p1a: THE SERPENT|Landorus-Therian, M|100\/100\n|switch|p2a: Toxapex|Toxapex, M|100\/100\n|-ability|p1a: THE SERPENT|Intimidate|boost\n|-unboost|p2a: Toxapex|atk|1\n|turn|1\n|\n|t:|1711916973\n|move|p1a: THE SERPENT|Stealth Rock|p2a: Toxapex\n|-sidestart|p2: Treeko928|move: Stealth Rock\n|move|p2a: Toxapex|Mortal Spin|p1a: THE SERPENT\n|-resisted|p1a: THE SERPENT\n|-damage|p1a: THE SERPENT|99\/100\n|-status|p1a: THE SERPENT|psn\n|-damage|p2a: Toxapex|84\/100|[from] item: Rocky Helmet|[of] p1a: THE SERPENT\n|-sideend|p2: Treeko928|Stealth Rock|[from] move: Mortal Spin|[of] p2a: Toxapex\n|\n|-damage|p1a: THE SERPENT|87\/100 psn|[from] psn\n|upkeep\n|turn|2\n|\n|t:|1711916983\n|switch|p2a: Gliscor|Gliscor, M|100\/100\n|move|p1a: THE SERPENT|Stealth Rock|p2a: Gliscor\n|-sidestart|p2: Treeko928|move: Stealth Rock\n|\n|-damage|p1a: THE SERPENT|74\/100 psn|[from] psn\n|-status|p2a: Gliscor|tox|[from] item: Toxic Orb\n|upkeep\n|turn|3\n|\n|t:|1711916993\n|move|p2a: Gliscor|Toxic||[still]\n|-fail|p2a: Gliscor\n|move|p1a: THE SERPENT|U-turn|p2a: Gliscor\n|-resisted|p2a: Gliscor\n|-damage|p2a: Gliscor|93\/100 tox\n|\n|t:|1711916996\n|switch|p1a: CENTER CORE|Kyurem, shiny|100\/100|[from] U-turn\n|-ability|p1a: CENTER CORE|Pressure\n|\n|-heal|p2a: Gliscor|100\/100 tox|[from] ability: Poison Heal\n|upkeep\n|turn|4\n|\n|t:|1711917018\n|switch|p2a: Sylveon|Sylveon, M|100\/100\n|-damage|p2a: Sylveon|88\/100|[from] Stealth Rock\n|move|p1a: CENTER CORE|Freeze-Dry|p2a: Sylveon\n|-damage|p2a: Sylveon|59\/100\n|\n|-heal|p2a: Sylveon|65\/100|[from] item: Leftovers\n|upkeep\n|turn|5\n|\n|t:|1711917038\n|switch|p1a: MY SWISHER SWEET|Magnezone, shiny|100\/100\n|move|p2a: Sylveon|Slack Off|p2a: Sylveon\n|-heal|p2a: Sylveon|100\/100\n|\n|upkeep\n|turn|6\n|inactive|Treeko928 has 270 seconds left.\n|\n|t:|1711917072\n|switch|p2a: Gliscor|Gliscor, M|100\/100 tox\n|-damage|p2a: Gliscor|88\/100 tox|[from] Stealth Rock\n|move|p1a: MY SWISHER SWEET|Make It Rain|p2a: Gliscor\n|-damage|p2a: Gliscor|0 fnt\n|-unboost|p1a: MY SWISHER SWEET|spa|1\n|faint|p2a: Gliscor\n|-damage|p1a: MY SWISHER SWEET|91\/100|[from] item: Life Orb\n|\n|upkeep\n|\n|t:|1711917086\n|switch|p2a: Toxapex|Toxapex, M|100\/100\n|-damage|p2a: Toxapex|88\/100|[from] Stealth Rock\n|turn|7\n|inactive|Treeko928 has 240 seconds left.\n|\n|t:|1711917119\n|-terastallize|p2a: Toxapex|Dragon\n|move|p1a: MY SWISHER SWEET|Electro Drift|p2a: Toxapex\n|-resisted|p2a: Toxapex\n|-damage|p2a: Toxapex|75\/100\n|-damage|p1a: MY SWISHER SWEET|81\/100|[from] item: Life Orb\n|move|p2a: Toxapex|Infestation|p1a: MY SWISHER SWEET\n|-resisted|p1a: MY SWISHER SWEET\n|-damage|p1a: MY SWISHER SWEET|79\/100\n|-activate|p1a: MY SWISHER SWEET|move: Infestation|[of] p2a: Toxapex\n|\n|-damage|p1a: MY SWISHER SWEET|66\/100|[from] move: Infestation|[partiallytrapped]\n|upkeep\n|turn|8\n|inactive|Treeko928 has 240 seconds left.\n|\n|t:|1711917139\n|move|p1a: MY SWISHER SWEET|Volt Switch|p2a: Toxapex\n|-resisted|p2a: Toxapex\n|-damage|p2a: Toxapex|66\/100\n|-damage|p1a: MY SWISHER SWEET|56\/100|[from] item: Life Orb\n|\n|t:|1711917140\n|switch|p1a: CHAMPAGNE FACE|Toxapex, F, shiny|100\/100|[from] Volt Switch\n|move|p2a: Toxapex|Flip Turn|p1a: CHAMPAGNE FACE\n|-resisted|p1a: CHAMPAGNE FACE\n|-damage|p1a: CHAMPAGNE FACE|96\/100\n|inactive|Treeko928 has 240 seconds left.\n|\n|t:|1711917163\n|switch|p2a: Raging Bolt|Raging Bolt|100\/100|[from] Flip Turn\n|-damage|p2a: Raging Bolt|88\/100|[from] Stealth Rock\n|\n|-heal|p2a: Raging Bolt|94\/100|[from] item: Leftovers\n|upkeep\n|turn|9\n|\n|t:|1711917175\n|move|p2a: Raging Bolt|Electro Drift|p1a: CHAMPAGNE FACE\n|-supereffective|p1a: CHAMPAGNE FACE\n|-damage|p1a: CHAMPAGNE FACE|23\/100\n|move|p1a: CHAMPAGNE FACE|Flip Turn|p2a: Raging Bolt\n|-resisted|p2a: Raging Bolt\n|-damage|p2a: Raging Bolt|87\/100\n|\n|t:|1711917178\n|switch|p1a: CENTER CORE|Kyurem, shiny|100\/100|[from] Flip Turn\n|-ability|p1a: CENTER CORE|Pressure\n|\n|-heal|p2a: Raging Bolt|94\/100|[from] item: Leftovers\n|upkeep\n|turn|10\n|\n|t:|1711917207\n|-end|p2a: Raging Bolt|Protosynthesis|[silent]\n|switch|p2a: Sylveon|Sylveon, M|100\/100\n|-damage|p2a: Sylveon|88\/100|[from] Stealth Rock\n|move|p1a: CENTER CORE|Glacial Lance|p2a: Sylveon\n|-crit|p2a: Sylveon\n|-damage|p2a: Sylveon|4\/100\n|\n|-heal|p2a: Sylveon|10\/100|[from] item: Leftovers\n|upkeep\n|turn|11\n|inactive|Treeko928 has 210 seconds left.\n|\n|t:|1711917235\n|move|p1a: CENTER CORE|Freeze-Dry|p2a: Sylveon\n|-damage|p2a: Sylveon|0 fnt\n|faint|p2a: Sylveon\n|\n|upkeep\n|\n|t:|1711917245\n|switch|p2a: Gholdengo|Gholdengo|100\/100\n|-damage|p2a: Gholdengo|94\/100|[from] Stealth Rock\n|turn|12\n|\n|t:|1711917268\n|switch|p1a: CHAMPAGNE FACE|Toxapex, F, shiny|56\/100\n|move|p2a: Gholdengo|Astral Barrage|p1a: CHAMPAGNE FACE\n|-damage|p1a: CHAMPAGNE FACE|26\/100\n|\n|upkeep\n|turn|13\n|\n|t:|1711917274\n|switch|p1a: THE SERPENT|Landorus-Therian, M|74\/100 psn\n|-ability|p1a: THE SERPENT|Intimidate|boost\n|-unboost|p2a: Gholdengo|atk|1\n|move|p2a: Gholdengo|Astral Barrage|p1a: THE SERPENT\n|-damage|p1a: THE SERPENT|8\/100 psn\n|\n|-damage|p1a: THE SERPENT|0 fnt|[from] psn\n|faint|p1a: THE SERPENT\n|upkeep\n|\n|t:|1711917278\n|switch|p1a: I DREAM OF CHROME|Iron Valiant, shiny|100\/100\n|-enditem|p1a: I DREAM OF CHROME|Booster Energy\n|-activate|p1a: I DREAM OF CHROME|ability: Quark Drive|[fromitem]\n|-start|p1a: I DREAM OF CHROME|quarkdrivespe\n|turn|14\n|inactive|Treeko928 has 210 seconds left.\n|\n|t:|1711917304\n|switch|p2a: Raging Bolt|Raging Bolt|94\/100\n|-damage|p2a: Raging Bolt|81\/100|[from] Stealth Rock\n|move|p1a: I DREAM OF CHROME|Knock Off|p2a: Raging Bolt\n|-damage|p2a: Raging Bolt|50\/100\n|-enditem|p2a: Raging Bolt|Leftovers|[from] move: Knock Off|[of] p1a: I DREAM OF CHROME\n|\n|upkeep\n|turn|15\n|\n|t:|1711917312\n|move|p2a: Raging Bolt|Thunderclap|p1a: I DREAM OF CHROME\n|-damage|p1a: I DREAM OF CHROME|32\/100\n|move|p1a: I DREAM OF CHROME|Close Combat|p2a: Raging Bolt\n|-damage|p2a: Raging Bolt|0 fnt\n|-unboost|p1a: I DREAM OF CHROME|def|1\n|-unboost|p1a: I DREAM OF CHROME|spd|1\n|faint|p2a: Raging Bolt\n|-end|p2a: Raging Bolt|Protosynthesis|[silent]\n|\n|upkeep\n|inactive|Treeko928 has 180 seconds left.\n|\n|t:|1711917351\n|switch|p2a: Greninja|Greninja, M|100\/100\n|-damage|p2a: Greninja|88\/100|[from] Stealth Rock\n|turn|16\n|\n|t:|1711917356\n|-end|p1a: I DREAM OF CHROME|Quark Drive|[silent]\n|switch|p1a: BUCKHEAD|Ogerpon-Wellspring, F|100\/100\n|move|p2a: Greninja|Swords Dance|p2a: Greninja\n|-boost|p2a: Greninja|atk|2\n|\n|upkeep\n|turn|17\n|\n|t:|1711917374\n|move|p1a: BUCKHEAD|Jet Punch|p2a: Greninja\n|-resisted|p2a: Greninja\n|-crit|p2a: Greninja\n|-damage|p2a: Greninja|42\/100\n|move|p2a: Greninja|Wicked Blow|p1a: BUCKHEAD\n|-crit|p1a: BUCKHEAD\n|-damage|p1a: BUCKHEAD|0 fnt\n|faint|p1a: BUCKHEAD\n|-ability|p2a: Greninja|Battle Bond|boost\n|-boost|p2a: Greninja|atk|1\n|-boost|p2a: Greninja|spa|1\n|-boost|p2a: Greninja|spe|1\n|-activate|p2a: Greninja|ability: Battle Bond\n|\n|upkeep\n|\n|t:|1711917392\n|switch|p1a: CHAMPAGNE FACE|Toxapex, F, shiny|59\/100\n|turn|18\n|\n|t:|1711917395\n|switch|p1a: I DREAM OF CHROME|Iron Valiant, shiny|32\/100\n|move|p2a: Greninja|Surging Strikes|p1a: I DREAM OF CHROME\n|-crit|p1a: I DREAM OF CHROME\n|-damage|p1a: I DREAM OF CHROME|0 fnt\n|faint|p1a: I DREAM OF CHROME\n|-end|p1a: I DREAM OF CHROME|Quark Drive|[silent]\n|-hitcount|p1: I DREAM OF CHROME|1\n|\n|upkeep\n|\n|t:|1711917398\n|switch|p1a: MY SWISHER SWEET|Magnezone, shiny|56\/100\n|turn|19\n|inactive|Treeko928 has 210 seconds left.\n|\n|t:|1711917412\n|move|p2a: Greninja|Jet Punch|p1a: MY SWISHER SWEET\n|-damage|p1a: MY SWISHER SWEET|0 fnt\n|faint|p1a: MY SWISHER SWEET\n|\n|upkeep\n|\n|t:|1711917423\n|switch|p1a: CHAMPAGNE FACE|Toxapex, F, shiny|93\/100\n|turn|20\n|inactive|Treeko928 has 210 seconds left.\n|\n|t:|1711917438\n|move|p2a: Greninja|Wicked Blow|p1a: CHAMPAGNE FACE\n|-crit|p1a: CHAMPAGNE FACE\n|-damage|p1a: CHAMPAGNE FACE|11\/100\n|move|p1a: CHAMPAGNE FACE|Clear Smog|p2a: Greninja\n|-damage|p2a: Greninja|26\/100\n|-clearboost|p2a: Greninja\n|\n|upkeep\n|turn|21\n|\n|t:|1711917447\n|switch|p1a: CENTER CORE|Kyurem, shiny|100\/100\n|-ability|p1a: CENTER CORE|Pressure\n|move|p2a: Greninja|Wicked Blow|p1a: CENTER CORE\n|-crit|p1a: CENTER CORE\n|-damage|p1a: CENTER CORE|50\/100\n|\n|upkeep\n|turn|22\n|\n|t:|1711917452\n|switch|p1a: CHAMPAGNE FACE|Toxapex, F, shiny|44\/100\n|move|p2a: Greninja|Wicked Blow|p1a: CHAMPAGNE FACE\n|-crit|p1a: CHAMPAGNE FACE\n|-damage|p1a: CHAMPAGNE FACE|11\/100\n|\n|upkeep\n|turn|23\n|inactive|Treeko928 has 210 seconds left.\n|c|\u2606nonsense bungaku|unbanning wicked blow was a really good descision by council\n|\n|t:|1711917483\n|switch|p1a: CENTER CORE|Kyurem, shiny|50\/100\n|-ability|p1a: CENTER CORE|Pressure\n|move|p2a: Greninja|Surging Strikes|p1a: CENTER CORE\n|-resisted|p1a: CENTER CORE\n|-crit|p1a: CENTER CORE\n|-damage|p1a: CENTER CORE|41\/100\n|-resisted|p1a: CENTER CORE\n|-crit|p1a: CENTER CORE\n|-damage|p1a: CENTER CORE|30\/100\n|-resisted|p1a: CENTER CORE\n|-crit|p1a: CENTER CORE\n|-damage|p1a: CENTER CORE|20\/100\n|-hitcount|p1a: CENTER CORE|3\n|\n|upkeep\n|turn|24\n|c|\u2606Treeko928|ikr\n|inactive|Treeko928 has 210 seconds left.\n|\n|t:|1711917494\n|move|p2a: Greninja|Surging Strikes|p1a: CENTER CORE\n|-resisted|p1a: CENTER CORE\n|-crit|p1a: CENTER CORE\n|-damage|p1a: CENTER CORE|11\/100\n|-resisted|p1a: CENTER CORE\n|-crit|p1a: CENTER CORE\n|-damage|p1a: CENTER CORE|2\/100\n|-resisted|p1a: CENTER CORE\n|-crit|p1a: CENTER CORE\n|-damage|p1a: CENTER CORE|0 fnt\n|faint|p1a: CENTER CORE\n|-hitcount|p1: CENTER CORE|3\n|\n|upkeep\n|\n|t:|1711917496\n|switch|p1a: CHAMPAGNE FACE|Toxapex, F, shiny|44\/100\n|turn|25\n|inactive|Treeko928 has 210 seconds left.\n|\n|t:|1711917506\n|move|p2a: Greninja|Wicked Blow|p1a: CHAMPAGNE FACE\n|-crit|p1a: CHAMPAGNE FACE\n|-damage|p1a: CHAMPAGNE FACE|8\/100\n|move|p1a: CHAMPAGNE FACE|Scald|p2a: Greninja\n|-resisted|p2a: Greninja\n|-damage|p2a: Greninja|13\/100\n|-status|p2a: Greninja|brn\n|\n|-damage|p2a: Greninja|8\/100 brn|[from] brn\n|upkeep\n|turn|26\n|\n|t:|1711917509\n|move|p2a: Greninja|Wicked Blow|p1a: CHAMPAGNE FACE\n|-crit|p1a: CHAMPAGNE FACE\n|-damage|p1a: CHAMPAGNE FACE|0 fnt\n|faint|p1a: CHAMPAGNE FACE\n|\n|win|Treeko928\n","uploadtime":1711917509,"views":44,"formatid":"gen9stabmons","rating":null,"private":0,"password":null}