{"id":"smogtours-gen9stabmons-757859","format":"[Gen 9] STABmons","players":["Treeko928","nonsense bungaku"],"log":"|inactive|Battle timer is ON: inactive players will automatically lose when time's up.\n|t:|1711915690\n|gametype|singles\n|player|p1|Treeko928|hilbert-wonderlauncher|\n|player|p2|nonsense bungaku|swimmerf-gen6|\n|teamsize|p1|6\n|teamsize|p2|6\n|gen|9\n|tier|[Gen 9] STABmons\n|rule|Species Clause: Limit one of each Pok\u00e9mon\n|rule|OHKO Clause: OHKO moves are banned\n|rule|Evasion Moves Clause: Evasion moves are banned\n|rule|Endless Battle Clause: Forcing endless battles is banned\n|rule|HP Percentage Mod: HP is shown in percentages\n|rule|Sleep Moves Clause: Sleep-inducing moves are banned\n|clearpoke\n|poke|p1|Tyranitar, F|\n|poke|p1|Toxapex, M|\n|poke|p1|Landorus-Therian, M|\n|poke|p1|Hydrapple, M|\n|poke|p1|Rotom-Wash|\n|poke|p1|Iron Valiant|\n|poke|p2|Excadrill, F|\n|poke|p2|Tyranitar, F|\n|poke|p2|Hydrapple, F|\n|poke|p2|Rotom-Wash|\n|poke|p2|Heatran, F|\n|poke|p2|Landorus-Therian, M|\n|teampreview\n|c|\u2606nonsense bungaku|glhf..\n|c|\u2606Treeko928|u2\n|inactive|Treeko928 has 270 seconds left.\n|inactive|nonsense bungaku has 270 seconds left.\n|inactive|Treeko928 has 240 seconds left.\n|inactive|nonsense bungaku has 240 seconds left.\n|\n|t:|1711915766\n|start\n|switch|p1a: Toxapex|Toxapex, M|100\/100\n|switch|p2a: HELL'S TOKAMAK|Heatran, F, shiny|100\/100\n|turn|1\n|\n|t:|1711915775\n|move|p2a: HELL'S TOKAMAK|Stealth Rock|p1a: Toxapex\n|-sidestart|p1: Treeko928|move: Stealth Rock\n|move|p1a: Toxapex|Flip Turn|p2a: HELL'S TOKAMAK\n|-supereffective|p2a: HELL'S TOKAMAK\n|-damage|p2a: HELL'S TOKAMAK|77\/100\n|\n|t:|1711915784\n|switch|p1a: Tyranitar|Tyranitar, F|100\/100|[from] Flip Turn\n|-damage|p1a: Tyranitar|88\/100|[from] Stealth Rock\n|-weather|Sandstorm|[from] ability: Sand Stream|[of] p1a: Tyranitar\n|\n|-weather|Sandstorm|[upkeep]\n|-heal|p2a: HELL'S TOKAMAK|83\/100|[from] item: Leftovers\n|upkeep\n|turn|2\n|\n|t:|1711915791\n|move|p2a: HELL'S TOKAMAK|Burning Bulwark|p2a: HELL'S TOKAMAK\n|-singleturn|p2a: HELL'S TOKAMAK|move: Protect\n|move|p1a: Tyranitar|Stone Axe|p2a: HELL'S TOKAMAK\n|-activate|p2a: HELL'S TOKAMAK|move: Protect\n|-status|p1a: Tyranitar|brn\n|\n|-weather|Sandstorm|[upkeep]\n|-heal|p2a: HELL'S TOKAMAK|90\/100|[from] item: Leftovers\n|-damage|p1a: Tyranitar|82\/100 brn|[from] brn\n|upkeep\n|turn|3\n|\n|t:|1711915797\n|switch|p2a: SNAKE EATER|Excadrill, F, shiny|100\/100\n|move|p1a: Tyranitar|Stone Axe|p2a: SNAKE EATER\n|-resisted|p2a: SNAKE EATER\n|-damage|p2a: SNAKE EATER|95\/100\n|-sidestart|p2: nonsense bungaku|move: Stealth Rock\n|\n|-weather|Sandstorm|[upkeep]\n|-damage|p1a: Tyranitar|76\/100 brn|[from] brn\n|upkeep\n|turn|4\n|\n|t:|1711915809\n|switch|p1a: Rotom|Rotom-Wash|100\/100\n|-damage|p1a: Rotom|88\/100|[from] Stealth Rock\n|move|p2a: SNAKE EATER|Spikes|p1a: Rotom\n|-sidestart|p1: Treeko928|Spikes\n|\n|-weather|Sandstorm|[upkeep]\n|-damage|p1a: Rotom|82\/100|[from] Sandstorm\n|upkeep\n|turn|5\n|\n|t:|1711915827\n|switch|p2a: BAD APPLE!!|Hydrapple, F|100\/100\n|-damage|p2a: BAD APPLE!!|88\/100|[from] Stealth Rock\n|move|p1a: Rotom|Freeze-Dry|p2a: BAD APPLE!!\n|-supereffective|p2a: BAD APPLE!!\n|-damage|p2a: BAD APPLE!!|56\/100\n|\n|-weather|none\n|upkeep\n|turn|6\n|\n|t:|1711915845\n|move|p1a: Rotom|Volt Switch|p2a: BAD APPLE!!\n|-resisted|p2a: BAD APPLE!!\n|-damage|p2a: BAD APPLE!!|53\/100\n|\n|t:|1711915847\n|switch|p1a: Toxapex|Toxapex, M|100\/100|[from] Volt Switch\n|-damage|p1a: Toxapex|88\/100|[from] Stealth Rock\n|-damage|p1a: Toxapex|76\/100|[from] Spikes\n|move|p2a: BAD APPLE!!|Dragon Tail|p1a: Toxapex\n|-damage|p1a: Toxapex|66\/100\n|drag|p1a: Hydrapple|Hydrapple, M|100\/100\n|\n|upkeep\n|turn|7\n|inactive|Treeko928 has 270 seconds left.\n|\n|t:|1711915881\n|switch|p1a: Toxapex|Toxapex, M|99\/100\n|-damage|p1a: Toxapex|87\/100|[from] Stealth Rock\n|-damage|p1a: Toxapex|75\/100|[from] Spikes\n|-terastallize|p2a: BAD APPLE!!|Poison\n|move|p2a: BAD APPLE!!|Fickle Beam|p1a: Toxapex|[anim] Fickle Beam All Out\n|-activate|p2a: BAD APPLE!!|move: Fickle Beam\n|-crit|p1a: Toxapex\n|-damage|p1a: Toxapex|26\/100\n|\n|upkeep\n|turn|8\n|inactive|Treeko928 has 270 seconds left.\n|c|\u2606nonsense bungaku|mb\n|c|+akira 001|lol\n|inactive|Treeko928 has 240 seconds left.\n|\n|t:|1711915928\n|switch|p2a: HELL'S TOKAMAK|Heatran, F, shiny|90\/100\n|-damage|p2a: HELL'S TOKAMAK|77\/100|[from] Stealth Rock\n|switch|p1a: Tyranitar|Tyranitar, F|76\/100 brn\n|-damage|p1a: Tyranitar|63\/100 brn|[from] Stealth Rock\n|-damage|p1a: Tyranitar|51\/100 brn|[from] Spikes\n|-weather|Sandstorm|[from] ability: Sand Stream|[of] p1a: Tyranitar\n|\n|-weather|Sandstorm|[upkeep]\n|-heal|p2a: HELL'S TOKAMAK|83\/100|[from] item: Leftovers\n|-damage|p1a: Tyranitar|45\/100 brn|[from] brn\n|upkeep\n|turn|9\n|\n|t:|1711915948\n|switch|p2a: UNREMEMBERED CROP|Landorus-Therian, M|100\/100\n|-damage|p2a: UNREMEMBERED CROP|88\/100|[from] Stealth Rock\n|-ability|p2a: UNREMEMBERED CROP|Intimidate|boost\n|-unboost|p1a: Tyranitar|atk|1\n|move|p1a: Tyranitar|Shore Up|p1a: Tyranitar\n|-heal|p1a: Tyranitar|100\/100 brn\n|\n|-weather|Sandstorm|[upkeep]\n|-damage|p1a: Tyranitar|94\/100 brn|[from] brn\n|upkeep\n|turn|10\n|\n|t:|1711915952\n|switch|p1a: Rotom|Rotom-Wash|82\/100\n|-damage|p1a: Rotom|69\/100|[from] Stealth Rock\n|move|p2a: UNREMEMBERED CROP|U-turn|p1a: Rotom\n|-damage|p1a: Rotom|52\/100\n|\n|t:|1711915954\n|switch|p2a: BAD APPLE!!|Hydrapple, F, tera:Poison|87\/100|[from] U-turn\n|-damage|p2a: BAD APPLE!!|74\/100|[from] Stealth Rock\n|\n|-weather|Sandstorm|[upkeep]\n|-damage|p1a: Rotom|46\/100|[from] Sandstorm\n|-damage|p2a: BAD APPLE!!|68\/100|[from] Sandstorm\n|upkeep\n|turn|11\n|inactive|Treeko928 has 240 seconds left.\n|\n|t:|1711915974\n|move|p1a: Rotom|Volt Switch|p2a: BAD APPLE!!\n|-damage|p2a: BAD APPLE!!|56\/100\n|\n|t:|1711915984\n|switch|p1a: Tyranitar|Tyranitar, F|94\/100 brn|[from] Volt Switch\n|-damage|p1a: Tyranitar|82\/100 brn|[from] Stealth Rock\n|-damage|p1a: Tyranitar|70\/100 brn|[from] Spikes\n|move|p2a: BAD APPLE!!|Fickle Beam|p1a: Tyranitar\n|-damage|p1a: Tyranitar|55\/100 brn\n|\n|-weather|Sandstorm|[upkeep]\n|-damage|p2a: BAD APPLE!!|50\/100|[from] Sandstorm\n|-damage|p1a: Tyranitar|49\/100 brn|[from] brn\n|upkeep\n|turn|12\n|inactive|Treeko928 has 240 seconds left.\n|\n|t:|1711916005\n|switch|p2a: HELL'S TOKAMAK|Heatran, F, shiny|83\/100\n|-damage|p2a: HELL'S TOKAMAK|71\/100|[from] Stealth Rock\n|move|p1a: Tyranitar|Knock Off|p2a: HELL'S TOKAMAK\n|-damage|p2a: HELL'S TOKAMAK|52\/100\n|-enditem|p2a: HELL'S TOKAMAK|Leftovers|[from] move: Knock Off|[of] p1a: Tyranitar\n|\n|-weather|none\n|-damage|p1a: Tyranitar|43\/100 brn|[from] brn\n|upkeep\n|turn|13\n|\n|t:|1711916014\n|move|p2a: HELL'S TOKAMAK|Doom Desire|p1a: Tyranitar\n|-start|p2a: HELL'S TOKAMAK|Doom Desire\n|move|p1a: Tyranitar|Shore Up|p1a: Tyranitar\n|-heal|p1a: Tyranitar|93\/100 brn\n|\n|-damage|p1a: Tyranitar|87\/100 brn|[from] brn\n|upkeep\n|turn|14\n|\n|t:|1711916035\n|switch|p1a: Hydrapple|Hydrapple, M|100\/100\n|move|p2a: HELL'S TOKAMAK|Torch Song|p1a: Hydrapple\n|-damage|p1a: Hydrapple|65\/100\n|-boost|p2a: HELL'S TOKAMAK|spa|1\n|\n|upkeep\n|turn|15\n|inactive|Treeko928 has 210 seconds left.\n|inactive|Treeko928 has 180 seconds left.\n|\n|t:|1711916099\n|switch|p1a: Tyranitar|Tyranitar, F|87\/100 brn\n|-damage|p1a: Tyranitar|74\/100 brn|[from] Stealth Rock\n|-damage|p1a: Tyranitar|62\/100 brn|[from] Spikes\n|-weather|Sandstorm|[from] ability: Sand Stream|[of] p1a: Tyranitar\n|move|p2a: HELL'S TOKAMAK|Burning Bulwark||[still]\n|-fail|p2a: HELL'S TOKAMAK\n|\n|-weather|Sandstorm|[upkeep]\n|-end|p1a: Tyranitar|move: Doom Desire\n|-supereffective|p1a: Tyranitar\n|-damage|p1a: Tyranitar|0 fnt\n|faint|p1a: Tyranitar\n|upkeep\n|\n|t:|1711916122\n|switch|p1a: Hydrapple|Hydrapple, M|98\/100\n|turn|16\n|\n|t:|1711916129\n|move|p2a: HELL'S TOKAMAK|Torch Song|p1a: Hydrapple\n|-damage|p1a: Hydrapple|47\/100\n|-boost|p2a: HELL'S TOKAMAK|spa|1\n|move|p1a: Hydrapple|Earth Power|p2a: HELL'S TOKAMAK\n|-supereffective|p2a: HELL'S TOKAMAK\n|-damage|p2a: HELL'S TOKAMAK|0 fnt\n|faint|p2a: HELL'S TOKAMAK\n|\n|-weather|Sandstorm|[upkeep]\n|-damage|p1a: Hydrapple|41\/100|[from] Sandstorm\n|upkeep\n|\n|t:|1711916134\n|switch|p2a: SNAKE EATER|Excadrill, F, shiny|95\/100\n|-damage|p2a: SNAKE EATER|92\/100|[from] Stealth Rock\n|turn|17\n|\n|t:|1711916155\n|move|p2a: SNAKE EATER|Sunsteel Strike|p1a: Hydrapple\n|-damage|p1a: Hydrapple|0 fnt\n|faint|p1a: Hydrapple\n|-damage|p2a: SNAKE EATER|82\/100|[from] item: Life Orb\n|\n|-weather|Sandstorm|[upkeep]\n|upkeep\n|\n|t:|1711916165\n|switch|p1a: Rotom|Rotom-Wash|46\/100\n|-damage|p1a: Rotom|33\/100|[from] Stealth Rock\n|turn|18\n|\n|t:|1711916171\n|switch|p2a: BAD APPLE!!|Hydrapple, F, tera:Poison|83\/100\n|-damage|p2a: BAD APPLE!!|71\/100|[from] Stealth Rock\n|move|p1a: Rotom|Strength Sap|p2a: BAD APPLE!!\n|-unboost|p2a: BAD APPLE!!|atk|1\n|-heal|p1a: Rotom|91\/100\n|\n|-weather|Sandstorm|[upkeep]\n|-damage|p1a: Rotom|85\/100|[from] Sandstorm\n|-damage|p2a: BAD APPLE!!|64\/100|[from] Sandstorm\n|upkeep\n|turn|19\n|\n|t:|1711916192\n|move|p1a: Rotom|Volt Switch|p2a: BAD APPLE!!\n|-damage|p2a: BAD APPLE!!|54\/100\n|\n|t:|1711916196\n|switch|p1a: Landorus|Landorus-Therian, M|100\/100|[from] Volt Switch\n|-damage|p1a: Landorus|88\/100|[from] Stealth Rock\n|-ability|p1a: Landorus|Intimidate|boost\n|-unboost|p2a: BAD APPLE!!|atk|1\n|move|p2a: BAD APPLE!!|Matcha Gotcha|p1a: Landorus\n|-damage|p1a: Landorus|55\/100\n|-heal|p2a: BAD APPLE!!|69\/100|[from] drain|[of] p1a: Landorus\n|-status|p1a: Landorus|brn\n|\n|-weather|none\n|-damage|p1a: Landorus|49\/100 brn|[from] brn\n|upkeep\n|turn|20\n|\n|t:|1711916208\n|switch|p2a: CEPHALIC SPIN|Rotom-Wash, shiny|100\/100\n|-damage|p2a: CEPHALIC SPIN|88\/100|[from] Stealth Rock\n|move|p1a: Landorus|Shore Up|p1a: Landorus\n|-heal|p1a: Landorus|99\/100 brn\n|\n|-damage|p1a: Landorus|93\/100 brn|[from] brn\n|upkeep\n|turn|21\n|\n|t:|1711916214\n|switch|p1a: Toxapex|Toxapex, M|60\/100\n|-damage|p1a: Toxapex|47\/100|[from] Stealth Rock\n|-damage|p1a: Toxapex|35\/100|[from] Spikes\n|move|p2a: CEPHALIC SPIN|Nasty Plot|p2a: CEPHALIC SPIN\n|-boost|p2a: CEPHALIC SPIN|spa|2\n|\n|upkeep\n|turn|22\n|\n|t:|1711916224\n|move|p2a: CEPHALIC SPIN|Electro Drift|p1a: Toxapex\n|-supereffective|p1a: Toxapex\n|-damage|p1a: Toxapex|0 fnt\n|faint|p1a: Toxapex\n|\n|upkeep\n|\n|t:|1711916228\n|switch|p1a: Iron Valiant|Iron Valiant|100\/100\n|-damage|p1a: Iron Valiant|94\/100|[from] Stealth Rock\n|-damage|p1a: Iron Valiant|82\/100|[from] Spikes\n|-enditem|p1a: Iron Valiant|Booster Energy\n|-activate|p1a: Iron Valiant|ability: Quark Drive|[fromitem]\n|-start|p1a: Iron Valiant|quarkdrivespe\n|turn|23\n|\n|t:|1711916235\n|move|p2a: CEPHALIC SPIN|Water Shuriken|p1a: Iron Valiant\n|-damage|p1a: Iron Valiant|57\/100\n|-damage|p1a: Iron Valiant|32\/100\n|-damage|p1a: Iron Valiant|4\/100\n|-damage|p1a: Iron Valiant|0 fnt\n|faint|p1a: Iron Valiant\n|-end|p1a: Iron Valiant|Quark Drive|[silent]\n|-hitcount|p1: Iron Valiant|4\n|\n|upkeep\n|\n|t:|1711916240\n|switch|p1a: Rotom|Rotom-Wash|85\/100\n|-damage|p1a: Rotom|72\/100|[from] Stealth Rock\n|turn|24\n|\n|t:|1711916242\n|move|p1a: Rotom|Freeze-Dry|p2a: CEPHALIC SPIN\n|-supereffective|p2a: CEPHALIC SPIN\n|-damage|p2a: CEPHALIC SPIN|51\/100\n|move|p2a: CEPHALIC SPIN|Electro Drift|p1a: Rotom\n|-damage|p1a: Rotom|0 fnt\n|faint|p1a: Rotom\n|\n|upkeep\n|\n|t:|1711916245\n|switch|p1a: Landorus|Landorus-Therian, M|93\/100 brn\n|-damage|p1a: Landorus|80\/100 brn|[from] Stealth Rock\n|-ability|p1a: Landorus|Intimidate|boost\n|-unboost|p2a: CEPHALIC SPIN|atk|1\n|turn|25\n|\n|t:|1711916246\n|-singleturn|p1a: Landorus|move: Beak Blast\n|move|p2a: CEPHALIC SPIN|Water Shuriken|p1a: Landorus\n|-supereffective|p1a: Landorus\n|-damage|p1a: Landorus|49\/100 brn\n|-supereffective|p1a: Landorus\n|-crit|p1a: Landorus\n|-damage|p1a: Landorus|0 fnt\n|faint|p1a: Landorus\n|-hitcount|p1: Landorus|2\n|\n|win|nonsense bungaku\n|c|\u2606nonsense bungaku|gg\n|player|p2|\n|c|\u2606Treeko928|gg\n","uploadtime":1711916246,"views":16,"formatid":"gen9stabmons","rating":null,"private":0,"password":null}