{"id":"gen8randombattle-2093315544","format":"[Gen 8] Random Battle","players":["Rushing Recklessly","yerpptheder"],"log":"|j|\u2606Rushing Recklessly\n|j|\u2606yerpptheder\n|t:|1711938313\n|gametype|singles\n|player|p1|Rushing Recklessly|zinzolin|1319\n|player|p2|yerpptheder|miku-ground|1153\n|teamsize|p1|6\n|teamsize|p2|6\n|gen|8\n|tier|[Gen 8] Random Battle\n|rated|\n|rule|Species Clause: Limit one of each Pok\u00e9mon\n|rule|HP Percentage Mod: HP is shown in percentages\n|rule|Sleep Clause Mod: Limit one foe put to sleep\n|rule|Illusion Level Mod: Illusion disguises the Pok\u00e9mon's true level\n|\n|t:|1711938313\n|start\n|switch|p1a: Pincurchin|Pincurchin, L89, F|230\/230\n|switch|p2a: Aggron|Aggron, L86, F|261\/261\n|-item|p2a: Aggron|Air Balloon\n|-fieldstart|move: Electric Terrain|[from] ability: Electric Surge|[of] p1a: Pincurchin\n|turn|1\n|inactive|Battle timer is ON: inactive players will automatically lose when time's up. (requested by Rushing Recklessly)\n|inactive|yerpptheder has 120 seconds left.\n|\n|t:|1711938353\n|switch|p2a: Celebi|Celebi, L82|298\/298\n|move|p1a: Pincurchin|Rising Voltage|p2a: Celebi\n|-hint|Rising Voltage's BP doubled on grounded target.\n|-resisted|p2a: Celebi\n|-damage|p2a: Celebi|202\/298\n|\n|-heal|p2a: Celebi|220\/298|[from] item: Leftovers\n|upkeep\n|turn|2\n|\n|t:|1711938371\n|switch|p1a: Regice|Regice, L84|271\/271\n|move|p2a: Celebi|Nasty Plot|p2a: Celebi\n|-boost|p2a: Celebi|spa|2\n|\n|-heal|p2a: Celebi|238\/298|[from] item: Leftovers\n|upkeep\n|turn|3\n|\n|t:|1711938379\n|switch|p2a: Bronzong|Bronzong, L84|250\/250\n|move|p1a: Regice|Ice Beam|p2a: Bronzong\n|-resisted|p2a: Bronzong\n|-damage|p2a: Bronzong|210\/250\n|\n|-heal|p2a: Bronzong|225\/250|[from] item: Leftovers\n|upkeep\n|turn|4\n|\n|t:|1711938404\n|switch|p1a: Dracozolt|Dracozolt, L77|265\/265\n|move|p2a: Bronzong|Toxic|p1a: Dracozolt\n|-status|p1a: Dracozolt|tox\n|\n|-heal|p2a: Bronzong|240\/250|[from] item: Leftovers\n|-damage|p1a: Dracozolt|249\/265 tox|[from] psn\n|upkeep\n|turn|5\n|\n|t:|1711938407\n|move|p2a: Bronzong|Protect|p2a: Bronzong\n|-singleturn|p2a: Bronzong|Protect\n|move|p1a: Dracozolt|Bolt Beak|p2a: Bronzong\n|-activate|p2a: Bronzong|move: Protect\n|\n|-heal|p2a: Bronzong|250\/250|[from] item: Leftovers\n|-damage|p1a: Dracozolt|217\/265 tox|[from] psn\n|-fieldend|move: Electric Terrain\n|upkeep\n|turn|6\n|\n|t:|1711938414\n|switch|p2a: Celebi|Celebi, L82|238\/298\n|move|p1a: Dracozolt|Bolt Beak|p2a: Celebi\n|-resisted|p2a: Celebi\n|-damage|p2a: Celebi|136\/298\n|\n|-heal|p2a: Celebi|154\/298|[from] item: Leftovers\n|-damage|p1a: Dracozolt|169\/265 tox|[from] psn\n|upkeep\n|turn|7\n|\n|t:|1711938417\n|switch|p1a: Regice|Regice, L84|271\/271\n|move|p2a: Celebi|Recover|p2a: Celebi\n|-heal|p2a: Celebi|298\/298\n|\n|upkeep\n|turn|8\n|\n|t:|1711938421\n|switch|p2a: Bronzong|Bronzong, L84|250\/250\n|move|p1a: Regice|Thunderbolt|p2a: Bronzong\n|-damage|p2a: Bronzong|198\/250\n|\n|-heal|p2a: Bronzong|213\/250|[from] item: Leftovers\n|upkeep\n|turn|9\n|\n|t:|1711938452\n|switch|p1a: Pincurchin|Pincurchin, L89, F|230\/230\n|-fieldstart|move: Electric Terrain|[from] ability: Electric Surge|[of] p1a: Pincurchin\n|move|p2a: Bronzong|Earthquake|p1a: Pincurchin\n|-supereffective|p1a: Pincurchin\n|-crit|p1a: Pincurchin\n|-enditem|p1a: Pincurchin|Shuca Berry|[eat]\n|-enditem|p1a: Pincurchin|Shuca Berry|[weaken]\n|-damage|p1a: Pincurchin|148\/230\n|\n|-heal|p2a: Bronzong|228\/250|[from] item: Leftovers\n|upkeep\n|turn|10\n|\n|t:|1711938460\n|switch|p2a: Celebi|Celebi, L82|298\/298\n|move|p1a: Pincurchin|Rising Voltage|p2a: Celebi\n|-hint|Rising Voltage's BP doubled on grounded target.\n|-resisted|p2a: Celebi\n|-damage|p2a: Celebi|204\/298\n|\n|-heal|p2a: Celebi|222\/298|[from] item: Leftovers\n|upkeep\n|turn|11\n|\n|t:|1711938464\n|move|p2a: Celebi|Nasty Plot|p2a: Celebi\n|-boost|p2a: Celebi|spa|2\n|move|p1a: Pincurchin|Spikes|p2a: Celebi\n|-sidestart|p2: yerpptheder|Spikes\n|\n|-heal|p2a: Celebi|240\/298|[from] item: Leftovers\n|upkeep\n|turn|12\n|\n|t:|1711938466\n|move|p1a: Pincurchin|Sucker Punch||[still]\n|-fail|p1a: Pincurchin\n|move|p2a: Celebi|Nasty Plot|p2a: Celebi\n|-boost|p2a: Celebi|spa|2\n|\n|-heal|p2a: Celebi|258\/298|[from] item: Leftovers\n|upkeep\n|turn|13\n|\n|t:|1711938469\n|move|p1a: Pincurchin|Sucker Punch||[still]\n|-fail|p1a: Pincurchin\n|move|p2a: Celebi|Nasty Plot|p2a: Celebi\n|-boost|p2a: Celebi|spa|2\n|\n|-heal|p2a: Celebi|276\/298|[from] item: Leftovers\n|-fieldend|move: Electric Terrain\n|upkeep\n|turn|14\n|-message|Rushing Recklessly forfeited.\n|\n|win|yerpptheder\n|raw|Rushing Recklessly's rating: 1319 &rarr; <strong>1290<\/strong><br \/>(-29 for losing)\n|raw|yerpptheder's rating: 1153 &rarr; <strong>1189<\/strong><br \/>(+36 for winning)\n|l|\u2606Rushing Recklessly\n|player|p1|\n","inputlog":">version 6cdde67ed88b47ab6b8ae5717517ae7b5d1ef27b\n>start {\"formatid\":\"gen8randombattle\",\"seed\":[47907,13302,58605,30020],\"rated\":\"Rated battle\"}\n>player p1 {\"name\":\"Rushing Recklessly\",\"avatar\":\"zinzolin\",\"rating\":1319,\"seed\":[30488,48850,4589,34464]}\n>player p2 {\"name\":\"yerpptheder\",\"avatar\":\"miku-ground\",\"rating\":1153,\"seed\":[45863,57441,28084,51532]}\n>p1 move risingvoltage\n>p2 switch 5\n>p1 switch 4\n>p2 move nastyplot\n>p1 move icebeam\n>p2 switch 4\n>p1 switch 5\n>p2 move toxic\n>p1 move boltbeak\n>p2 move protect\n>p1 move boltbeak\n>p2 switch 4\n>p1 switch 5\n>p2 move recover\n>p1 move thunderbolt\n>p2 switch 4\n>p1 switch 4\n>p2 move earthquake\n>p1 move risingvoltage\n>p2 switch 4\n>p1 move spikes\n>p2 move nastyplot\n>p1 move suckerpunch\n>p2 move nastyplot\n>p1 move suckerpunch\n>p2 move nastyplot\n>forcelose p1","uploadtime":1711938474,"views":0,"formatid":"gen8randombattle","rating":1189,"private":0,"password":null}