{"id":"gen8randombattle-2093309737","format":"[Gen 8] Random Battle","players":["Palitor","yerpptheder"],"log":"|j|\u2606Palitor\n|j|\u2606yerpptheder\n|t:|1711937599\n|gametype|singles\n|player|p1|Palitor|brawly|1257\n|player|p2|yerpptheder|miku-ground|1118\n|teamsize|p1|6\n|teamsize|p2|6\n|gen|8\n|tier|[Gen 8] Random Battle\n|rated|\n|rule|Species Clause: Limit one of each Pok\u00e9mon\n|rule|HP Percentage Mod: HP is shown in percentages\n|rule|Sleep Clause Mod: Limit one foe put to sleep\n|rule|Illusion Level Mod: Illusion disguises the Pok\u00e9mon's true level\n|\n|t:|1711937599\n|start\n|switch|p1a: Zarude|Zarude-Dada, L78|292\/292\n|switch|p2a: Pyukumuku|Pyukumuku, L85, F|232\/232\n|turn|1\n|\n|t:|1711937614\n|switch|p2a: Whimsicott|Whimsicott, L84, F|238\/238\n|move|p1a: Zarude|Bulk Up|p1a: Zarude\n|-boost|p1a: Zarude|atk|1\n|-boost|p1a: Zarude|def|1\n|\n|upkeep\n|turn|2\n|inactive|Battle timer is ON: inactive players will automatically lose when time's up. (requested by yerpptheder)\n|\n|t:|1711937647\n|switch|p1a: Politoed|Politoed, L86, F|295\/295\n|-weather|RainDance|[from] ability: Drizzle|[of] p1a: Politoed\n|move|p2a: Whimsicott|Moonblast|p1a: Politoed\n|-damage|p1a: Politoed|220\/295\n|\n|-weather|RainDance|[upkeep]\n|upkeep\n|turn|3\n|\n|t:|1711937659\n|move|p2a: Whimsicott|U-turn|p1a: Politoed\n|-damage|p1a: Politoed|180\/295\n|\n|t:|1711937660\n|switch|p2a: Tsareena|Tsareena, L84, F|258\/258|[from] U-turn\n|move|p1a: Politoed|Toxic|p2a: Tsareena\n|-status|p2a: Tsareena|tox\n|\n|-weather|RainDance|[upkeep]\n|-damage|p2a: Tsareena|242\/258 tox|[from] psn\n|upkeep\n|turn|4\n|\n|t:|1711937679\n|switch|p1a: Zarude|Zarude-Dada, L78|292\/292\n|move|p2a: Tsareena|Power Whip|p1a: Zarude\n|-resisted|p1a: Zarude\n|-damage|p1a: Zarude|223\/292\n|\n|-weather|RainDance|[upkeep]\n|-heal|p1a: Zarude|241\/292|[from] item: Leftovers\n|-damage|p2a: Tsareena|210\/258 tox|[from] psn\n|upkeep\n|turn|5\n|\n|t:|1711937691\n|move|p1a: Zarude|Bulk Up|p1a: Zarude\n|-boost|p1a: Zarude|atk|1\n|-boost|p1a: Zarude|def|1\n|move|p2a: Tsareena|Triple Axel|p1a: Zarude\n|-supereffective|p1a: Zarude\n|-damage|p1a: Zarude|217\/292\n|-supereffective|p1a: Zarude\n|-damage|p1a: Zarude|173\/292\n|-supereffective|p1a: Zarude\n|-damage|p1a: Zarude|107\/292\n|-hitcount|p1a: Zarude|3\n|\n|-weather|RainDance|[upkeep]\n|-heal|p1a: Zarude|125\/292|[from] item: Leftovers\n|-damage|p2a: Tsareena|162\/258 tox|[from] psn\n|upkeep\n|turn|6\n|\n|t:|1711937707\n|switch|p2a: Whimsicott|Whimsicott, L84, F|238\/238\n|move|p1a: Zarude|Jungle Healing|p1a: Zarude\n|-heal|p1a: Zarude|198\/292\n|\n|-weather|none\n|-heal|p1a: Zarude|216\/292|[from] item: Leftovers\n|upkeep\n|turn|7\n|\n|t:|1711937722\n|switch|p1a: Politoed|Politoed, L86, F|180\/295\n|-weather|RainDance|[from] ability: Drizzle|[of] p1a: Politoed\n|move|p2a: Whimsicott|Energy Ball|p1a: Politoed\n|-supereffective|p1a: Politoed\n|-damage|p1a: Politoed|30\/295\n|-unboost|p1a: Politoed|spd|1\n|\n|-weather|RainDance|[upkeep]\n|upkeep\n|turn|8\n|inactive|Palitor has 120 seconds left.\n|\n|t:|1711937760\n|switch|p1a: Lopunny|Lopunny, L93, F|272\/272\n|move|p2a: Whimsicott|U-turn|p1a: Lopunny\n|-damage|p1a: Lopunny|235\/272\n|\n|t:|1711937766\n|switch|p2a: Landorus|Landorus-Therian, L72, M|247\/247|[from] U-turn\n|-ability|p2a: Landorus|Intimidate|boost\n|-unboost|p1a: Lopunny|atk|1\n|\n|-weather|RainDance|[upkeep]\n|-status|p1a: Lopunny|tox|[from] item: Toxic Orb\n|upkeep\n|turn|9\n|\n|t:|1711937794\n|move|p1a: Lopunny|Facade|p2a: Landorus\n|-damage|p2a: Landorus|124\/247\n|move|p2a: Landorus|Stealth Rock|p1a: Lopunny\n|-sidestart|p1: Palitor|move: Stealth Rock\n|\n|-weather|RainDance|[upkeep]\n|-damage|p1a: Lopunny|218\/272 tox|[from] psn\n|upkeep\n|turn|10\n|\n|t:|1711937803\n|move|p1a: Lopunny|Facade|p2a: Landorus\n|-damage|p2a: Landorus|16\/247\n|move|p2a: Landorus|Earthquake|p1a: Lopunny\n|-damage|p1a: Lopunny|78\/272 tox\n|-damage|p2a: Landorus|0 fnt|[from] item: Life Orb\n|faint|p2a: Landorus\n|\n|-weather|RainDance|[upkeep]\n|-damage|p1a: Lopunny|44\/272 tox|[from] psn\n|upkeep\n|\n|t:|1711937818\n|switch|p2a: Cresselia|Cresselia, L80, F|323\/323\n|turn|11\n|inactive|Palitor has 90 seconds left.\n|\n|t:|1711937845\n|switch|p2a: Tsareena|Tsareena, L84, F|162\/258 tox\n|move|p1a: Lopunny|Healing Wish|p1a: Lopunny\n|faint|p1a: Lopunny\n|\n|-weather|none\n|-damage|p2a: Tsareena|146\/258 tox|[from] psn\n|upkeep\n|inactive|Palitor has 90 seconds left.\n|\n|t:|1711937857\n|switch|p1a: Politoed|Politoed, L86, F|30\/295\n|-heal|p1a: Politoed|295\/295|[from] move: Healing Wish\n|-damage|p1a: Politoed|259\/295|[from] Stealth Rock\n|-weather|RainDance|[from] ability: Drizzle|[of] p1a: Politoed\n|turn|12\n|inactive|Palitor has 90 seconds left.\n|\n|t:|1711937877\n|switch|p1a: Thievul|Thievul, L89, F|269\/269\n|-damage|p1a: Thievul|236\/269|[from] Stealth Rock\n|move|p2a: Tsareena|Power Whip|p1a: Thievul|[miss]\n|-miss|p2a: Tsareena|p1a: Thievul\n|\n|-weather|RainDance|[upkeep]\n|-heal|p1a: Thievul|252\/269|[from] item: Leftovers\n|-damage|p2a: Tsareena|114\/258 tox|[from] psn\n|upkeep\n|turn|13\n|\n|t:|1711937900\n|move|p1a: Thievul|Psychic|p2a: Tsareena\n|-damage|p2a: Tsareena|69\/258 tox\n|move|p2a: Tsareena|U-turn|p1a: Thievul\n|-supereffective|p1a: Thievul\n|-damage|p1a: Thievul|98\/269\n|\n|t:|1711937911\n|switch|p2a: Metagross|Metagross, L78|253\/253|[from] U-turn\n|\n|-weather|RainDance|[upkeep]\n|-heal|p1a: Thievul|114\/269|[from] item: Leftovers\n|upkeep\n|turn|14\n|\n|t:|1711937933\n|move|p1a: Thievul|Dark Pulse|p2a: Metagross\n|-supereffective|p2a: Metagross\n|-crit|p2a: Metagross\n|-damage|p2a: Metagross|0 fnt\n|faint|p2a: Metagross\n|\n|-weather|RainDance|[upkeep]\n|-heal|p1a: Thievul|130\/269|[from] item: Leftovers\n|upkeep\n|\n|t:|1711937936\n|switch|p2a: Whimsicott|Whimsicott, L84, F|238\/238\n|turn|15\n|\n|t:|1711937946\n|move|p2a: Whimsicott|Moonblast|p1a: Thievul\n|-supereffective|p1a: Thievul\n|-damage|p1a: Thievul|0 fnt\n|faint|p1a: Thievul\n|\n|-weather|RainDance|[upkeep]\n|upkeep\n|\n|t:|1711937955\n|switch|p1a: Dragalge|Dragalge, L87, F|255\/255\n|-damage|p1a: Dragalge|224\/255|[from] Stealth Rock\n|turn|16\n|\n|t:|1711937963\n|move|p2a: Whimsicott|U-turn|p1a: Dragalge\n|-resisted|p1a: Dragalge\n|-damage|p1a: Dragalge|207\/255\n|\n|t:|1711937965\n|switch|p2a: Tsareena|Tsareena, L84, F|69\/258 tox|[from] U-turn\n|move|p1a: Dragalge|Sludge Wave|p2a: Tsareena\n|-supereffective|p2a: Tsareena\n|-damage|p2a: Tsareena|0 fnt\n|faint|p2a: Tsareena\n|\n|-weather|none\n|-heal|p1a: Dragalge|222\/255|[from] item: Black Sludge\n|upkeep\n|\n|t:|1711937968\n|switch|p2a: Cresselia|Cresselia, L80, F|323\/323\n|turn|17\n|inactive|Palitor has 90 seconds left.\n|\n|t:|1711937993\n|switch|p1a: Politoed|Politoed, L86, F|259\/295\n|-damage|p1a: Politoed|223\/295|[from] Stealth Rock\n|-weather|RainDance|[from] ability: Drizzle|[of] p1a: Politoed\n|move|p2a: Cresselia|Calm Mind|p2a: Cresselia\n|-boost|p2a: Cresselia|spa|1\n|-boost|p2a: Cresselia|spd|1\n|\n|-weather|RainDance|[upkeep]\n|upkeep\n|turn|18\n|\n|t:|1711938004\n|-start|p2a: Cresselia|Dynamax|\n|-heal|p2a: Cresselia|646\/646|[silent]\n|move|p2a: Cresselia|Max Starfall|p1a: Politoed\n|-damage|p1a: Politoed|130\/295\n|-fieldstart|move: Misty Terrain\n|move|p1a: Politoed|Toxic|p2a: Cresselia\n|-status|p2a: Cresselia|tox\n|\n|-weather|RainDance|[upkeep]\n|-damage|p2a: Cresselia|626\/646 tox|[from] psn\n|upkeep\n|turn|19\n|\n|t:|1711938017\n|move|p2a: Cresselia|Max Mindstorm|p1a: Politoed\n|-damage|p1a: Politoed|0 fnt\n|-fieldstart|move: Psychic Terrain\n|faint|p1a: Politoed\n|\n|-weather|RainDance|[upkeep]\n|-heal|p2a: Cresselia|646\/646 tox|[from] item: Leftovers\n|-damage|p2a: Cresselia|606\/646 tox|[from] psn\n|upkeep\n|inactive|Palitor has 60 seconds left.\n|\n|t:|1711938039\n|switch|p1a: Zarude|Zarude-Dada, L78|216\/292\n|-damage|p1a: Zarude|180\/292|[from] Stealth Rock\n|turn|20\n|inactive|Palitor has 60 seconds left.\n|\n|t:|1711938046\n|-start|p1a: Zarude|Dynamax|\n|-heal|p1a: Zarude|360\/584|[silent]\n|move|p1a: Zarude|Max Darkness|p2a: Cresselia\n|-supereffective|p2a: Cresselia\n|-damage|p2a: Cresselia|366\/646 tox\n|-unboost|p2a: Cresselia|spd|1\n|move|p2a: Cresselia|Max Starfall|p1a: Zarude\n|-supereffective|p1a: Zarude\n|-damage|p1a: Zarude|134\/584\n|-fieldstart|move: Misty Terrain\n|\n|-weather|RainDance|[upkeep]\n|-heal|p1a: Zarude|152\/584|[from] item: Leftovers\n|-heal|p2a: Cresselia|386\/646 tox|[from] item: Leftovers\n|-damage|p2a: Cresselia|326\/646 tox|[from] psn\n|upkeep\n|-end|p2a: Cresselia|Dynamax\n|-heal|p2a: Cresselia|163\/323 tox|[silent]\n|turn|21\n|inactive|Palitor has 60 seconds left.\n|\n|t:|1711938066\n|switch|p2a: Whimsicott|Whimsicott, L84, F|238\/238\n|move|p1a: Zarude|Max Darkness|p2a: Whimsicott\n|-resisted|p2a: Whimsicott\n|-damage|p2a: Whimsicott|159\/238\n|-unboost|p2a: Whimsicott|spd|1\n|\n|-weather|none\n|-heal|p2a: Whimsicott|173\/238|[from] item: Leftovers\n|-heal|p1a: Zarude|170\/584|[from] item: Leftovers\n|upkeep\n|turn|22\n|\n|t:|1711938083\n|move|p2a: Whimsicott|Moonblast|p1a: Zarude\n|-supereffective|p1a: Zarude\n|-damage|p1a: Zarude|0 fnt\n|faint|p1a: Zarude\n|\n|-heal|p2a: Whimsicott|187\/238|[from] item: Leftovers\n|upkeep\n|\n|t:|1711938091\n|switch|p1a: Dragalge|Dragalge, L87, F|222\/255\n|-damage|p1a: Dragalge|191\/255|[from] Stealth Rock\n|turn|23\n|\n|t:|1711938097\n|move|p2a: Whimsicott|U-turn|p1a: Dragalge\n|-resisted|p1a: Dragalge\n|-damage|p1a: Dragalge|172\/255\n|\n|t:|1711938099\n|switch|p2a: Cresselia|Cresselia, L80, F|163\/323 tox|[from] U-turn\n|move|p1a: Dragalge|Sludge Wave|p2a: Cresselia\n|-damage|p2a: Cresselia|47\/323 tox\n|\n|-heal|p2a: Cresselia|67\/323 tox|[from] item: Leftovers\n|-heal|p1a: Dragalge|187\/255|[from] item: Black Sludge\n|-damage|p2a: Cresselia|47\/323 tox|[from] psn\n|upkeep\n|turn|24\n|inactive|Palitor has 60 seconds left.\n|\n|t:|1711938119\n|switch|p1a: Druddigon|Druddigon, L84, M|267\/267\n|-damage|p1a: Druddigon|234\/267|[from] Stealth Rock\n|-ability|p1a: Druddigon|Mold Breaker\n|move|p2a: Cresselia|Moonlight|p2a: Cresselia\n|-heal|p2a: Cresselia|208\/323 tox\n|\n|-heal|p2a: Cresselia|228\/323 tox|[from] item: Leftovers\n|-damage|p2a: Cresselia|188\/323 tox|[from] psn\n|-fieldend|Misty Terrain\n|upkeep\n|turn|25\n|\n|t:|1711938138\n|switch|p2a: Pyukumuku|Pyukumuku, L85, F|232\/232\n|move|p1a: Druddigon|Outrage|p2a: Pyukumuku\n|-damage|p2a: Pyukumuku|102\/232\n|-damage|p1a: Druddigon|208\/267|[from] item: Life Orb\n|\n|-heal|p2a: Pyukumuku|116\/232|[from] item: Leftovers\n|upkeep\n|turn|26\n|\n|t:|1711938153\n|switch|p2a: Whimsicott|Whimsicott, L84, F|187\/238\n|move|p1a: Druddigon|Outrage|p2a: Whimsicott|[from]lockedmove\n|-immune|p2a: Whimsicott\n|\n|-heal|p2a: Whimsicott|201\/238|[from] item: Leftovers\n|upkeep\n|turn|27\n|\n|t:|1711938169\n|move|p2a: Whimsicott|Moonblast|p1a: Druddigon\n|-supereffective|p1a: Druddigon\n|-damage|p1a: Druddigon|44\/267\n|move|p1a: Druddigon|Glare|p2a: Whimsicott\n|-status|p2a: Whimsicott|par\n|\n|-heal|p2a: Whimsicott|215\/238 par|[from] item: Leftovers\n|upkeep\n|turn|28\n|\n|t:|1711938182\n|switch|p1a: Dragalge|Dragalge, L87, F|187\/255\n|-damage|p1a: Dragalge|156\/255|[from] Stealth Rock\n|move|p2a: Whimsicott|Moonblast|p1a: Dragalge\n|-damage|p1a: Dragalge|95\/255\n|\n|-heal|p1a: Dragalge|110\/255|[from] item: Black Sludge\n|-heal|p2a: Whimsicott|229\/238 par|[from] item: Leftovers\n|upkeep\n|turn|29\n|inactive|Palitor has 30 seconds left.\n|\n|t:|1711938204\n|switch|p2a: Cresselia|Cresselia, L80, F|188\/323 tox\n|move|p1a: Dragalge|Draco Meteor|p2a: Cresselia\n|-damage|p2a: Cresselia|34\/323 tox\n|-unboost|p1a: Dragalge|spa|2\n|\n|-heal|p2a: Cresselia|54\/323 tox|[from] item: Leftovers\n|-heal|p1a: Dragalge|125\/255|[from] item: Black Sludge\n|-damage|p2a: Cresselia|34\/323 tox|[from] psn\n|upkeep\n|turn|30\n|inactive|Palitor has 30 seconds left.\n|\n|t:|1711938216\n|switch|p1a: Druddigon|Druddigon, L84, M|44\/267\n|-damage|p1a: Druddigon|11\/267|[from] Stealth Rock\n|-ability|p1a: Druddigon|Mold Breaker\n|move|p2a: Cresselia|Moonlight|p2a: Cresselia\n|-heal|p2a: Cresselia|195\/323 tox\n|\n|-heal|p2a: Cresselia|215\/323 tox|[from] item: Leftovers\n|-damage|p2a: Cresselia|175\/323 tox|[from] psn\n|upkeep\n|turn|31\n|inactive|Palitor has 30 seconds left.\n|\n|t:|1711938231\n|switch|p2a: Pyukumuku|Pyukumuku, L85, F|116\/232\n|move|p1a: Druddigon|Outrage|p2a: Pyukumuku\n|-damage|p2a: Pyukumuku|0 fnt\n|faint|p2a: Pyukumuku\n|-damage|p1a: Druddigon|0 fnt|[from] item: Life Orb\n|faint|p1a: Druddigon\n|\n|upkeep\n|inactive|Palitor has 30 seconds left.\n|\n|t:|1711938241\n|switch|p1a: Dragalge|Dragalge, L87, F|125\/255\n|switch|p2a: Cresselia|Cresselia, L80, F|175\/323 tox\n|-damage|p1a: Dragalge|94\/255|[from] Stealth Rock\n|turn|32\n|inactive|Palitor has 30 seconds left.\n|\n|t:|1711938250\n|move|p2a: Cresselia|Moonlight|p2a: Cresselia\n|-heal|p2a: Cresselia|323\/323 tox\n|move|p1a: Dragalge|Draco Meteor|p2a: Cresselia\n|-damage|p2a: Cresselia|179\/323 tox\n|-unboost|p1a: Dragalge|spa|2\n|\n|-heal|p2a: Cresselia|199\/323 tox|[from] item: Leftovers\n|-heal|p1a: Dragalge|109\/255|[from] item: Black Sludge\n|-damage|p2a: Cresselia|179\/323 tox|[from] psn\n|upkeep\n|turn|33\n|inactive|Palitor has 30 seconds left.\n|\n|t:|1711938262\n|move|p2a: Cresselia|Psyshock|p1a: Dragalge\n|-supereffective|p1a: Dragalge\n|-damage|p1a: Dragalge|0 fnt\n|faint|p1a: Dragalge\n|\n|win|yerpptheder\n|raw|Palitor's rating: 1257 &rarr; <strong>1222<\/strong><br \/>(-35 for losing)\n|raw|yerpptheder's rating: 1118 &rarr; <strong>1153<\/strong><br \/>(+35 for winning)\n|l|\u2606Palitor\n|player|p1|\n","inputlog":">version 6cdde67ed88b47ab6b8ae5717517ae7b5d1ef27b\n>start {\"formatid\":\"gen8randombattle\",\"seed\":[3969,16318,2270,26074],\"rated\":\"Rated battle\"}\n>player p1 {\"name\":\"Palitor\",\"avatar\":\"brawly\",\"rating\":1257,\"seed\":[30000,52232,48841,47409]}\n>player p2 {\"name\":\"yerpptheder\",\"avatar\":\"miku-ground\",\"rating\":1118,\"seed\":[15702,18893,45919,27355]}\n>p1 move bulkup\n>p2 switch 5\n>p1 switch 6\n>p2 move moonblast\n>p1 move toxic\n>p2 move uturn\n>p2 switch 3\n>p1 switch 6\n>p2 move powerwhip\n>p1 move bulkup\n>p2 move tripleaxel\n>p1 move junglehealing\n>p2 switch 3\n>p1 switch 6\n>p2 move energyball\n>p1 switch 2\n>p2 move uturn\n>p2 switch 2\n>p1 move facade\n>p2 move stealthrock\n>p1 move facade\n>p2 move earthquake\n>p2 switch 6\n>p1 move healingwish\n>p2 switch 3\n>p1 switch 2\n>p1 switch 4\n>p2 move powerwhip\n>p1 move psychic\n>p2 move uturn\n>p2 switch 4\n>p1 move darkpulse\n>p2 move agility\n>p2 switch 2\n>p1 move partingshot\n>p2 move moonblast\n>p1 switch 3\n>p1 move sludgewave\n>p2 move uturn\n>p2 switch 4\n>p2 switch 3\n>p1 switch 4\n>p2 move calmmind\n>p1 move toxic\n>p2 move moonblast dynamax\n>p1 move rest\n>p2 move psyshock dynamax\n>p1 switch 6\n>p1 move darkestlariat dynamax\n>p2 move moonblast dynamax\n>p1 move darkestlariat dynamax\n>p2 switch 4\n>p1 move darkestlariat dynamax\n>p2 move moonblast\n>p1 switch 4\n>p1 move sludgewave\n>p2 move uturn\n>p2 switch 4\n>p1 switch 5\n>p2 move moonlight\n>p1 move outrage\n>p2 switch 5\n>p1 move outrage\n>p2 switch 4\n>p1 move glare\n>p2 move moonblast\n>p1 switch 5\n>p2 move moonblast\n>p1 move dracometeor\n>p2 switch 5\n>p1 switch 5\n>p2 move moonlight\n>p1 move outrage\n>p2 switch 4\n>p1 switch 5\n>p2 switch 4\n>p1 move dracometeor\n>p2 move moonlight\n>p1 move dracometeor\n>p2 move psyshock","uploadtime":1711938265,"views":0,"formatid":"gen8randombattle","rating":1153,"private":0,"password":null}