|j|☆enhaoli123
|j|☆yerpptheder
|t:|1711939327
|gametype|singles
|player|p1|enhaoli123|102|1167
|player|p2|yerpptheder|miku-ground|1246
|teamsize|p1|6
|teamsize|p2|6
|gen|8
|tier|[Gen 8] Random Battle
|rated|
|rule|Species Clause: Limit one of each Pokémon
|rule|HP Percentage Mod: HP is shown in percentages
|rule|Sleep Clause Mod: Limit one foe put to sleep
|rule|Illusion Level Mod: Illusion disguises the Pokémon's true level
|
|t:|1711939327
|start
|switch|p1a: Zapdos|Zapdos, L78|268/268
|switch|p2a: Dugtrio|Dugtrio-Alola, L82, M|192/192
|turn|1
|inactive|Battle timer is ON: inactive players will automatically lose when time's up. (requested by yerpptheder)
|
|t:|1711939349
|move|p2a: Dugtrio|Stealth Rock|p1a: Zapdos
|-sidestart|p1: enhaoli123|move: Stealth Rock
|move|p1a: Zapdos|Heat Wave|p2a: Dugtrio
|-supereffective|p2a: Dugtrio
|-damage|p2a: Dugtrio|18/192
|-status|p2a: Dugtrio|brn
|
|-damage|p2a: Dugtrio|6/192 brn|[from] brn
|upkeep
|turn|2
|
|t:|1711939364
|switch|p2a: Hippowdon|Hippowdon, L81, M|308/308
|-weather|Sandstorm|[from] ability: Sand Stream|[of] p2a: Hippowdon
|move|p1a: Zapdos|Roost||[still]
|-fail|p1a: Zapdos|heal
|
|-weather|Sandstorm|[upkeep]
|-damage|p1a: Zapdos|252/268|[from] Sandstorm
|upkeep
|turn|3
|
|t:|1711939383
|switch|p1a: Beartic|Beartic, L86, F|304/304
|move|p2a: Hippowdon|Toxic|p1a: Beartic
|-status|p1a: Beartic|tox
|
|-weather|Sandstorm|[upkeep]
|-damage|p1a: Beartic|285/304 tox|[from] Sandstorm
|-damage|p1a: Beartic|266/304 tox|[from] psn
|upkeep
|turn|4
|
|t:|1711939393
|switch|p2a: Dugtrio|Dugtrio-Alola, L82, M|6/192 brn
|move|p1a: Beartic|Icicle Crash|p2a: Dugtrio|[miss]
|-miss|p1a: Beartic|p2a: Dugtrio
|
|-weather|Sandstorm|[upkeep]
|-damage|p1a: Beartic|247/304 tox|[from] Sandstorm
|-damage|p1a: Beartic|209/304 tox|[from] psn
|-damage|p2a: Dugtrio|0 fnt|[from] brn
|faint|p2a: Dugtrio
|upkeep
|
|t:|1711939399
|switch|p2a: Ho-Oh|Ho-Oh, L72|272/272
|turn|5
|
|t:|1711939416
|move|p2a: Ho-Oh|Sacred Fire|p1a: Beartic
|-supereffective|p1a: Beartic
|-damage|p1a: Beartic|9/304 tox
|move|p1a: Beartic|Stone Edge|p2a: Ho-Oh
|-supereffective|p2a: Ho-Oh
|-damage|p2a: Ho-Oh|0 fnt
|faint|p2a: Ho-Oh
|
|-weather|Sandstorm|[upkeep]
|-damage|p1a: Beartic|0 fnt|[from] Sandstorm
|faint|p1a: Beartic
|upkeep
|
|t:|1711939427
|switch|p2a: Hippowdon|Hippowdon, L81, M|308/308
|switch|p1a: Zapdos|Zapdos, L78|252/268
|turn|6
|
|t:|1711939447
|switch|p1a: Dusknoir|Dusknoir, L87, M|220/220
|-damage|p1a: Dusknoir|193/220|[from] Stealth Rock
|-item|p2a: Hippowdon|Leftovers|[from] ability: Frisk|[of] p1a: Dusknoir|[identify]
|move|p2a: Hippowdon|Toxic|p1a: Dusknoir
|-status|p1a: Dusknoir|tox
|
|-weather|none
|-heal|p1a: Dusknoir|206/220 tox|[from] item: Leftovers
|-damage|p1a: Dusknoir|193/220 tox|[from] psn
|upkeep
|turn|7
|
|t:|1711939459
|switch|p2a: Registeel|Registeel, L83|268/268
|move|p1a: Dusknoir|Ice Punch|p2a: Registeel
|-resisted|p2a: Registeel
|-damage|p2a: Registeel|248/268
|
|-heal|p2a: Registeel|264/268|[from] item: Leftovers
|-heal|p1a: Dusknoir|206/220 tox|[from] item: Leftovers
|-damage|p1a: Dusknoir|180/220 tox|[from] psn
|upkeep
|turn|8
|
|t:|1711939470
|switch|p1a: Zapdos|Zapdos, L78|252/268
|move|p2a: Registeel|Curse|p2a: Registeel
|-unboost|p2a: Registeel|spe|1
|-boost|p2a: Registeel|atk|1
|-boost|p2a: Registeel|def|1
|
|-heal|p2a: Registeel|268/268|[from] item: Leftovers
|upkeep
|turn|9
|
|t:|1711939480
|switch|p2a: Hippowdon|Hippowdon, L81, M|308/308
|-weather|Sandstorm|[from] ability: Sand Stream|[of] p2a: Hippowdon
|move|p1a: Zapdos|Heat Wave|p2a: Hippowdon
|-damage|p2a: Hippowdon|224/308
|
|-weather|Sandstorm|[upkeep]
|-damage|p1a: Zapdos|236/268|[from] Sandstorm
|-heal|p2a: Hippowdon|243/308|[from] item: Leftovers
|upkeep
|turn|10
|inactive|enhaoli123 has 120 seconds left.
|
|t:|1711939500
|move|p1a: Zapdos|Discharge|p2a: Hippowdon
|-immune|p2a: Hippowdon
|move|p2a: Hippowdon|Stone Edge|p1a: Zapdos
|-supereffective|p1a: Zapdos
|-damage|p1a: Zapdos|74/268
|
|-weather|Sandstorm|[upkeep]
|-damage|p1a: Zapdos|58/268|[from] Sandstorm
|-heal|p2a: Hippowdon|262/308|[from] item: Leftovers
|upkeep
|turn|11
|inactive|enhaoli123 has 120 seconds left.
|
|t:|1711939524
|switch|p1a: Dusknoir|Dusknoir, L87, M|180/220 tox
|-damage|p1a: Dusknoir|153/220 tox|[from] Stealth Rock
|-item|p2a: Hippowdon|Leftovers|[from] ability: Frisk|[of] p1a: Dusknoir|[identify]
|move|p2a: Hippowdon|Stone Edge|p1a: Dusknoir
|-crit|p1a: Dusknoir
|-damage|p1a: Dusknoir|79/220 tox
|
|-weather|Sandstorm|[upkeep]
|-damage|p1a: Dusknoir|66/220 tox|[from] Sandstorm
|-heal|p1a: Dusknoir|79/220 tox|[from] item: Leftovers
|-heal|p2a: Hippowdon|281/308|[from] item: Leftovers
|-damage|p1a: Dusknoir|66/220 tox|[from] psn
|upkeep
|turn|12
|
|t:|1711939538
|switch|p2a: Registeel|Registeel, L83|268/268
|move|p1a: Dusknoir|Earthquake|p2a: Registeel
|-supereffective|p2a: Registeel
|-damage|p2a: Registeel|170/268
|
|-weather|Sandstorm|[upkeep]
|-damage|p1a: Dusknoir|53/220 tox|[from] Sandstorm
|-heal|p2a: Registeel|186/268|[from] item: Leftovers
|-heal|p1a: Dusknoir|66/220 tox|[from] item: Leftovers
|-damage|p1a: Dusknoir|40/220 tox|[from] psn
|upkeep
|turn|13
|
|t:|1711939549
|move|p2a: Registeel|Rest|p2a: Registeel
|-status|p2a: Registeel|slp|[from] move: Rest
|-heal|p2a: Registeel|268/268 slp|[silent]
|move|p1a: Dusknoir|Earthquake|p2a: Registeel
|-supereffective|p2a: Registeel
|-damage|p2a: Registeel|162/268 slp
|
|-weather|none
|-heal|p2a: Registeel|178/268 slp|[from] item: Leftovers
|-heal|p1a: Dusknoir|53/220 tox|[from] item: Leftovers
|-damage|p1a: Dusknoir|14/220 tox|[from] psn
|upkeep
|turn|14
|
|t:|1711939561
|cant|p2a: Registeel|slp
|move|p2a: Registeel|Sleep Talk|p2a: Registeel
|move|p2a: Registeel|Rest||[from]move: Sleep Talk|[still]
|-fail|p2a: Registeel
|move|p1a: Dusknoir|Earthquake|p2a: Registeel
|-supereffective|p2a: Registeel
|-damage|p2a: Registeel|72/268 slp
|
|-heal|p2a: Registeel|88/268 slp|[from] item: Leftovers
|-heal|p1a: Dusknoir|27/220 tox|[from] item: Leftovers
|-damage|p1a: Dusknoir|0 fnt|[from] psn
|faint|p1a: Dusknoir
|upkeep
|
|t:|1711939574
|switch|p1a: Diggersby|Diggersby, L80, M|267/267
|-damage|p1a: Diggersby|251/267|[from] Stealth Rock
|turn|15
|
|t:|1711939581
|switch|p2a: Hippowdon|Hippowdon, L81, M|281/308
|-weather|Sandstorm|[from] ability: Sand Stream|[of] p2a: Hippowdon
|move|p1a: Diggersby|Swords Dance|p1a: Diggersby
|-boost|p1a: Diggersby|atk|2
|
|-weather|Sandstorm|[upkeep]
|-heal|p2a: Hippowdon|300/308|[from] item: Leftovers
|upkeep
|turn|16
|
|t:|1711939595
|-start|p2a: Hippowdon|Dynamax|
|-heal|p2a: Hippowdon|600/616|[silent]
|move|p1a: Diggersby|Knock Off|p2a: Hippowdon
|-damage|p2a: Hippowdon|417/616
|-enditem|p2a: Hippowdon|Leftovers|[from] move: Knock Off|[of] p1a: Diggersby
|-damage|p1a: Diggersby|225/267|[from] item: Life Orb
|move|p2a: Hippowdon|Max Quake|p1a: Diggersby
|-damage|p1a: Diggersby|56/267
|-boost|p2a: Hippowdon|spd|1
|
|-weather|Sandstorm|[upkeep]
|upkeep
|turn|17
|
|t:|1711939615
|move|p1a: Diggersby|Quick Attack|p2a: Hippowdon
|-damage|p2a: Hippowdon|303/616
|-damage|p1a: Diggersby|30/267|[from] item: Life Orb
|move|p2a: Hippowdon|Max Quake|p1a: Diggersby
|-damage|p1a: Diggersby|0 fnt
|-boost|p2a: Hippowdon|spd|1
|faint|p1a: Diggersby
|
|-weather|Sandstorm|[upkeep]
|upkeep
|-message|enhaoli123 forfeited.
|
|win|yerpptheder
|raw|enhaoli123's rating: 1167 &rarr; <strong>1148</strong><br />(-19 for losing)
|raw|yerpptheder's rating: 1246 &rarr; <strong>1265</strong><br />(+19 for winning)
|l|☆enhaoli123
|player|p1|
