{"id":"gen8randombattle-2093321582","format":"[Gen 8] Random Battle","players":["yhdhdhdhdds","yerpptheder"],"log":"|j|\u2606yhdhdhdhdds\n|j|\u2606yerpptheder\n|t:|1711939081\n|gametype|singles\n|player|p1|yhdhdhdhdds|265|1000\n|player|p2|yerpptheder|miku-ground|1236\n|teamsize|p1|6\n|teamsize|p2|6\n|gen|8\n|tier|[Gen 8] Random Battle\n|rated|\n|rule|Species Clause: Limit one of each Pok\u00e9mon\n|rule|HP Percentage Mod: HP is shown in percentages\n|rule|Sleep Clause Mod: Limit one foe put to sleep\n|rule|Illusion Level Mod: Illusion disguises the Pok\u00e9mon's true level\n|\n|t:|1711939081\n|start\n|switch|p1a: Walrein|Walrein, L86, F|329\/329\n|switch|p2a: Rhydon|Rhydon, L86, M|321\/321\n|turn|1\n|\n|t:|1711939093\n|switch|p2a: Jynx|Jynx, L86, F|251\/251\n|-start|p1a: Walrein|Dynamax|\n|-heal|p1a: Walrein|658\/658|[silent]\n|move|p1a: Walrein|Max Geyser|p2a: Jynx\n|-immune|p2a: Jynx|[from] ability: Dry Skin\n|\n|upkeep\n|turn|2\n|\n|t:|1711939102\n|move|p2a: Jynx|Focus Blast|p1a: Walrein\n|-supereffective|p1a: Walrein\n|-damage|p1a: Walrein|446\/658\n|move|p1a: Walrein|Max Hailstorm|p2a: Jynx\n|-resisted|p2a: Jynx\n|-damage|p2a: Jynx|185\/251\n|-weather|Hail\n|\n|-weather|Hail|[upkeep]\n|-heal|p1a: Walrein|466\/658|[from] item: Leftovers\n|upkeep\n|turn|3\n|\n|t:|1711939105\n|move|p2a: Jynx|Focus Blast|p1a: Walrein\n|-supereffective|p1a: Walrein\n|-damage|p1a: Walrein|260\/658\n|move|p1a: Walrein|Max Hailstorm|p2a: Jynx\n|-resisted|p2a: Jynx\n|-damage|p2a: Jynx|125\/251\n|\n|-weather|Hail|[upkeep]\n|-heal|p1a: Walrein|280\/658|[from] item: Leftovers\n|upkeep\n|-end|p1a: Walrein|Dynamax\n|-heal|p1a: Walrein|140\/329|[silent]\n|turn|4\n|inactive|Battle timer is ON: inactive players will automatically lose when time's up. (requested by yerpptheder)\n|\n|t:|1711939108\n|move|p2a: Jynx|Focus Blast|p1a: Walrein\n|-supereffective|p1a: Walrein\n|-damage|p1a: Walrein|0 fnt\n|faint|p1a: Walrein\n|\n|-weather|Hail|[upkeep]\n|upkeep\n|\n|t:|1711939112\n|switch|p1a: Braviary|Braviary, L81, M|295\/295\n|turn|5\n|\n|t:|1711939117\n|switch|p2a: Emolga|Emolga, L90, F|245\/245\n|move|p1a: Braviary|Close Combat|p2a: Emolga\n|-resisted|p2a: Emolga\n|-damage|p2a: Emolga|182\/245\n|-unboost|p1a: Braviary|def|1\n|-unboost|p1a: Braviary|spd|1\n|\n|-weather|Hail|[upkeep]\n|-damage|p2a: Emolga|167\/245|[from] Hail\n|-damage|p1a: Braviary|277\/295|[from] Hail\n|upkeep\n|turn|6\n|\n|t:|1711939127\n|switch|p1a: Jolteon|Jolteon, L82, F|241\/241\n|move|p2a: Emolga|Toxic|p1a: Jolteon\n|-status|p1a: Jolteon|tox\n|\n|-weather|none\n|-damage|p1a: Jolteon|226\/241 tox|[from] psn\n|upkeep\n|turn|7\n|\n|t:|1711939132\n|move|p1a: Jolteon|Hyper Voice|p2a: Emolga\n|-damage|p2a: Emolga|53\/245\n|move|p2a: Emolga|Roost|p2a: Emolga\n|-heal|p2a: Emolga|176\/245\n|-singleturn|p2a: Emolga|move: Roost\n|\n|-damage|p1a: Jolteon|196\/241 tox|[from] psn\n|upkeep\n|turn|8\n|\n|t:|1711939137\n|move|p1a: Jolteon|Hyper Voice|p2a: Emolga\n|-damage|p2a: Emolga|46\/245\n|move|p2a: Emolga|Roost|p2a: Emolga\n|-heal|p2a: Emolga|169\/245\n|-singleturn|p2a: Emolga|move: Roost\n|\n|-damage|p1a: Jolteon|151\/241 tox|[from] psn\n|upkeep\n|turn|9\n|\n|t:|1711939141\n|move|p1a: Jolteon|Hyper Voice|p2a: Emolga\n|-damage|p2a: Emolga|51\/245\n|move|p2a: Emolga|Roost|p2a: Emolga\n|-heal|p2a: Emolga|174\/245\n|-singleturn|p2a: Emolga|move: Roost\n|\n|-damage|p1a: Jolteon|91\/241 tox|[from] psn\n|upkeep\n|turn|10\n|\n|t:|1711939145\n|move|p1a: Jolteon|Hyper Voice|p2a: Emolga\n|-damage|p2a: Emolga|45\/245\n|move|p2a: Emolga|Roost|p2a: Emolga\n|-heal|p2a: Emolga|168\/245\n|-singleturn|p2a: Emolga|move: Roost\n|\n|-damage|p1a: Jolteon|16\/241 tox|[from] psn\n|upkeep\n|turn|11\n|-message|yhdhdhdhdds forfeited.\n|\n|win|yerpptheder\n|raw|yhdhdhdhdds's rating: 1000 &rarr; <strong>1000<\/strong><br \/>(+0 for losing)\n|raw|yerpptheder's rating: 1236 &rarr; <strong>1246<\/strong><br \/>(+10 for winning)\n|l|\u2606yhdhdhdhdds\n|player|p1|\n|l|\u2606yerpptheder\n|player|p2|\n|j|\u2606yerpptheder\n|player|p2|yerpptheder|miku-ground\n","inputlog":">version 6cdde67ed88b47ab6b8ae5717517ae7b5d1ef27b\n>start {\"formatid\":\"gen8randombattle\",\"seed\":[1824,53698,10159,16140],\"rated\":\"Rated battle\"}\n>player p1 {\"name\":\"yhdhdhdhdds\",\"avatar\":\"265\",\"rating\":1000,\"seed\":[44059,54773,45673,37782]}\n>player p2 {\"name\":\"yerpptheder\",\"avatar\":\"miku-ground\",\"rating\":1236,\"seed\":[13663,50688,20148,59129]}\n>p1 move surf dynamax\n>p2 switch 3\n>p1 move icebeam dynamax\n>p2 move focusblast\n>p1 move icebeam dynamax\n>p2 move focusblast\n>p1 move icebeam\n>p2 move focusblast\n>p1 switch 4\n>p1 move closecombat\n>p2 switch 2\n>p1 switch 6\n>p2 move toxic\n>p1 move hypervoice\n>p2 move roost\n>p1 move hypervoice\n>p2 move roost\n>p1 move hypervoice\n>p2 move roost\n>p1 move hypervoice\n>p2 move roost\n>forcelose p1","uploadtime":1711939163,"views":0,"formatid":"gen8randombattle","rating":1000,"private":0,"password":null}