{"id":"gen8randombattle-2093318923","format":"[Gen 8] Random Battle","players":["murse1215","yerpptheder"],"log":"|j|\u2606murse1215\n|j|\u2606yerpptheder\n|t:|1711938739\n|gametype|singles\n|player|p1|murse1215|ethan|1152\n|player|p2|yerpptheder|miku-ground|1215\n|teamsize|p1|6\n|teamsize|p2|6\n|gen|8\n|tier|[Gen 8] Random Battle\n|rated|\n|rule|Species Clause: Limit one of each Pok\u00e9mon\n|rule|HP Percentage Mod: HP is shown in percentages\n|rule|Sleep Clause Mod: Limit one foe put to sleep\n|rule|Illusion Level Mod: Illusion disguises the Pok\u00e9mon's true level\n|\n|t:|1711938739\n|start\n|switch|p1a: Oranguru|Oranguru, L89, F|305\/305\n|switch|p2a: Aurorus|Aurorus, L84, F|343\/343\n|-weather|Hail|[from] ability: Snow Warning|[of] p2a: Aurorus\n|turn|1\n|inactive|Battle timer is ON: inactive players will automatically lose when time's up. (requested by yerpptheder)\n|\n|t:|1711938763\n|switch|p2a: Gothitelle|Gothitelle, L87, F|264\/264\n|-start|p1a: Oranguru|Dynamax|\n|-heal|p1a: Oranguru|610\/610|[silent]\n|move|p1a: Oranguru|Max Knuckle|p2a: Gothitelle\n|-resisted|p2a: Gothitelle\n|-damage|p2a: Gothitelle|236\/264\n|-boost|p1a: Oranguru|atk|1\n|\n|-weather|Hail|[upkeep]\n|-damage|p2a: Gothitelle|220\/264|[from] Hail\n|-damage|p1a: Oranguru|591\/610|[from] Hail\n|-heal|p2a: Gothitelle|236\/264|[from] item: Leftovers\n|-heal|p1a: Oranguru|610\/610|[from] item: Leftovers\n|upkeep\n|turn|2\n|\n|t:|1711938781\n|move|p2a: Gothitelle|Thunderbolt|p1a: Oranguru\n|-damage|p1a: Oranguru|558\/610\n|move|p1a: Oranguru|Max Lightning|p2a: Gothitelle\n|-damage|p2a: Gothitelle|157\/264\n|-fieldstart|move: Electric Terrain\n|\n|-weather|Hail|[upkeep]\n|-damage|p2a: Gothitelle|141\/264|[from] Hail\n|-damage|p1a: Oranguru|539\/610|[from] Hail\n|-heal|p2a: Gothitelle|157\/264|[from] item: Leftovers\n|-heal|p1a: Oranguru|558\/610|[from] item: Leftovers\n|upkeep\n|turn|3\n|\n|t:|1711938785\n|move|p2a: Gothitelle|Thunderbolt|p1a: Oranguru\n|-damage|p1a: Oranguru|495\/610\n|-status|p1a: Oranguru|par\n|cant|p1a: Oranguru|par\n|\n|-weather|Hail|[upkeep]\n|-damage|p2a: Gothitelle|141\/264|[from] Hail\n|-damage|p1a: Oranguru|476\/610 par|[from] Hail\n|-heal|p2a: Gothitelle|157\/264|[from] item: Leftovers\n|-heal|p1a: Oranguru|495\/610 par|[from] item: Leftovers\n|upkeep\n|-end|p1a: Oranguru|Dynamax\n|-heal|p1a: Oranguru|248\/305 par|[silent]\n|turn|4\n|\n|t:|1711938790\n|move|p2a: Gothitelle|Nasty Plot|p2a: Gothitelle\n|-boost|p2a: Gothitelle|spa|2\n|move|p1a: Oranguru|Thunderbolt|p2a: Gothitelle\n|-damage|p2a: Gothitelle|80\/264\n|\n|-weather|Hail|[upkeep]\n|-damage|p2a: Gothitelle|64\/264|[from] Hail\n|-damage|p1a: Oranguru|229\/305 par|[from] Hail\n|-heal|p2a: Gothitelle|80\/264|[from] item: Leftovers\n|-heal|p1a: Oranguru|248\/305 par|[from] item: Leftovers\n|upkeep\n|turn|5\n|\n|t:|1711938794\n|move|p2a: Gothitelle|Thunderbolt|p1a: Oranguru\n|-damage|p1a: Oranguru|100\/305 par\n|move|p1a: Oranguru|Thunderbolt|p2a: Gothitelle\n|-damage|p2a: Gothitelle|4\/264\n|\n|-weather|none\n|-heal|p2a: Gothitelle|20\/264|[from] item: Leftovers\n|-heal|p1a: Oranguru|119\/305 par|[from] item: Leftovers\n|upkeep\n|turn|6\n|\n|t:|1711938798\n|move|p2a: Gothitelle|Thunderbolt|p1a: Oranguru\n|-damage|p1a: Oranguru|0 fnt\n|faint|p1a: Oranguru\n|\n|-heal|p2a: Gothitelle|36\/264|[from] item: Leftovers\n|-fieldend|move: Electric Terrain\n|upkeep\n|\n|t:|1711938816\n|switch|p1a: Tapu Fini|Tapu Fini, L77|234\/234\n|-fieldstart|move: Misty Terrain|[from] ability: Misty Surge|[of] p1a: Tapu Fini\n|turn|7\n|\n|t:|1711938826\n|move|p1a: Tapu Fini|Surf|p2a: Gothitelle\n|-damage|p2a: Gothitelle|0 fnt\n|faint|p2a: Gothitelle\n|\n|upkeep\n|\n|t:|1711938830\n|switch|p2a: Vileplume|Vileplume, L84, M|263\/263\n|turn|8\n|\n|t:|1711938837\n|move|p1a: Tapu Fini|Taunt|p2a: Vileplume\n|-start|p2a: Vileplume|move: Taunt\n|move|p2a: Vileplume|Sludge Bomb|p1a: Tapu Fini\n|-supereffective|p1a: Tapu Fini\n|-damage|p1a: Tapu Fini|66\/234\n|\n|-heal|p1a: Tapu Fini|80\/234|[from] item: Leftovers\n|upkeep\n|turn|9\n|\n|t:|1711938860\n|switch|p1a: Cryogonal|Cryogonal, L86|278\/278\n|move|p2a: Vileplume|Sludge Bomb|p1a: Cryogonal\n|-damage|p1a: Cryogonal|199\/278\n|-status|p1a: Cryogonal|psn\n|\n|-damage|p1a: Cryogonal|165\/278 psn|[from] psn\n|upkeep\n|turn|10\n|\n|t:|1711938868\n|switch|p2a: Aurorus|Aurorus, L84, F|343\/343\n|-weather|Hail|[from] ability: Snow Warning|[of] p2a: Aurorus\n|move|p1a: Cryogonal|Freeze-Dry|p2a: Aurorus\n|-resisted|p2a: Aurorus\n|-damage|p2a: Aurorus|305\/343\n|\n|-weather|Hail|[upkeep]\n|-damage|p1a: Cryogonal|131\/278 psn|[from] psn\n|upkeep\n|turn|11\n|\n|t:|1711938872\n|move|p1a: Cryogonal|Toxic|p2a: Aurorus\n|-activate|p2a: Aurorus|move: Misty Terrain\n|move|p2a: Aurorus|Ancient Power|p1a: Cryogonal\n|-supereffective|p1a: Cryogonal\n|-damage|p1a: Cryogonal|0 fnt\n|faint|p1a: Cryogonal\n|\n|-weather|Hail|[upkeep]\n|-fieldend|Misty Terrain\n|upkeep\n|\n|t:|1711938889\n|switch|p1a: Urshifu|Urshifu, L74, F|270\/270\n|turn|12\n|\n|t:|1711938897\n|switch|p2a: Vileplume|Vileplume, L84, M|263\/263\n|move|p1a: Urshifu|Substitute|p1a: Urshifu\n|-start|p1a: Urshifu|Substitute\n|-damage|p1a: Urshifu|203\/270\n|\n|-weather|Hail|[upkeep]\n|-damage|p1a: Urshifu|187\/270|[from] Hail\n|-damage|p2a: Vileplume|247\/263|[from] Hail\n|-heal|p1a: Urshifu|203\/270|[from] item: Leftovers\n|-heal|p2a: Vileplume|263\/263|[from] item: Black Sludge\n|upkeep\n|turn|13\n|\n|t:|1711938900\n|move|p1a: Urshifu|Bulk Up|p1a: Urshifu\n|-boost|p1a: Urshifu|atk|1\n|-boost|p1a: Urshifu|def|1\n|move|p2a: Vileplume|Sludge Bomb|p1a: Urshifu\n|-end|p1a: Urshifu|Substitute\n|\n|-weather|Hail|[upkeep]\n|-damage|p1a: Urshifu|187\/270|[from] Hail\n|-damage|p2a: Vileplume|247\/263|[from] Hail\n|-heal|p1a: Urshifu|203\/270|[from] item: Leftovers\n|-heal|p2a: Vileplume|263\/263|[from] item: Black Sludge\n|upkeep\n|turn|14\n|\n|t:|1711938908\n|move|p1a: Urshifu|Wicked Blow|p2a: Vileplume\n|-crit|p2a: Vileplume\n|-damage|p2a: Vileplume|74\/263\n|move|p2a: Vileplume|Sludge Bomb|p1a: Urshifu\n|-damage|p1a: Urshifu|56\/270\n|\n|-weather|none\n|-heal|p1a: Urshifu|72\/270|[from] item: Leftovers\n|-heal|p2a: Vileplume|90\/263|[from] item: Black Sludge\n|upkeep\n|turn|15\n|\n|t:|1711938912\n|move|p1a: Urshifu|Wicked Blow|p2a: Vileplume\n|-crit|p2a: Vileplume\n|-damage|p2a: Vileplume|0 fnt\n|faint|p2a: Vileplume\n|\n|-heal|p1a: Urshifu|88\/270|[from] item: Leftovers\n|upkeep\n|\n|t:|1711938916\n|switch|p2a: Altaria|Altaria, L91, F|284\/284\n|turn|16\n|\n|t:|1711938933\n|switch|p1a: Arcanine|Arcanine, L82, F|282\/282\n|-ability|p1a: Arcanine|Intimidate|boost\n|-unboost|p2a: Altaria|atk|1\n|move|p2a: Altaria|Draco Meteor|p1a: Arcanine\n|-damage|p1a: Arcanine|147\/282\n|-unboost|p2a: Altaria|spa|2\n|\n|upkeep\n|turn|17\n|\n|t:|1711938938\n|move|p1a: Arcanine|Morning Sun|p1a: Arcanine\n|-heal|p1a: Arcanine|282\/282\n|move|p2a: Altaria|Toxic|p1a: Arcanine\n|-status|p1a: Arcanine|tox\n|\n|-damage|p1a: Arcanine|265\/282 tox|[from] psn\n|upkeep\n|turn|18\n|\n|t:|1711938949\n|move|p1a: Arcanine|Toxic|p2a: Altaria\n|-status|p2a: Altaria|tox\n|move|p2a: Altaria|Roost||[still]\n|-fail|p2a: Altaria|heal\n|\n|-damage|p1a: Arcanine|231\/282 tox|[from] psn\n|-damage|p2a: Altaria|267\/284 tox|[from] psn\n|upkeep\n|turn|19\n|\n|t:|1711938960\n|switch|p1a: Urshifu|Urshifu, L74, F|88\/270\n|move|p2a: Altaria|Roost|p2a: Altaria\n|-heal|p2a: Altaria|284\/284 tox\n|-singleturn|p2a: Altaria|move: Roost\n|\n|-heal|p1a: Urshifu|104\/270|[from] item: Leftovers\n|-damage|p2a: Altaria|250\/284 tox|[from] psn\n|upkeep\n|turn|20\n|\n|t:|1711938974\n|move|p2a: Altaria|Draco Meteor|p1a: Urshifu\n|-crit|p1a: Urshifu\n|-damage|p1a: Urshifu|0 fnt\n|-unboost|p2a: Altaria|spa|2\n|faint|p1a: Urshifu\n|\n|-damage|p2a: Altaria|199\/284 tox|[from] psn\n|upkeep\n|\n|t:|1711938979\n|switch|p1a: Tapu Fini|Tapu Fini, L77|80\/234\n|-fieldstart|move: Misty Terrain|[from] ability: Misty Surge|[of] p1a: Tapu Fini\n|turn|21\n|\n|t:|1711938983\n|-curestatus|p2a: Altaria|tox|[from] ability: Natural Cure\n|switch|p2a: Aurorus|Aurorus, L84, F|305\/343\n|-weather|Hail|[from] ability: Snow Warning|[of] p2a: Aurorus\n|move|p1a: Tapu Fini|Moonblast|p2a: Aurorus\n|-damage|p2a: Aurorus|221\/343\n|-unboost|p2a: Aurorus|spa|1\n|\n|-weather|Hail|[upkeep]\n|-damage|p1a: Tapu Fini|66\/234|[from] Hail\n|-heal|p1a: Tapu Fini|80\/234|[from] item: Leftovers\n|upkeep\n|turn|22\n|\n|t:|1711938990\n|move|p1a: Tapu Fini|Surf|p2a: Aurorus\n|-supereffective|p2a: Aurorus\n|-damage|p2a: Aurorus|59\/343\n|move|p2a: Aurorus|Freeze-Dry|p1a: Tapu Fini\n|-supereffective|p1a: Tapu Fini\n|-damage|p1a: Tapu Fini|0 fnt\n|faint|p1a: Tapu Fini\n|\n|-weather|Hail|[upkeep]\n|upkeep\n|\n|t:|1711938999\n|switch|p1a: Beheeyem|Beheeyem, L87, F|272\/272\n|turn|23\n|-message|murse1215 forfeited.\n|\n|win|yerpptheder\n|raw|murse1215's rating: 1152 &rarr; <strong>1131<\/strong><br \/>(-21 for losing)\n|raw|yerpptheder's rating: 1215 &rarr; <strong>1236<\/strong><br \/>(+21 for winning)\n|l|\u2606murse1215\n|player|p1|\n|l|\u2606yerpptheder\n|player|p2|\n|j|\u2606yerpptheder\n|player|p2|yerpptheder|miku-ground\n","inputlog":">version 6cdde67ed88b47ab6b8ae5717517ae7b5d1ef27b\n>start {\"formatid\":\"gen8randombattle\",\"seed\":[59808,34390,48617,7726],\"rated\":\"Rated battle\"}\n>player p1 {\"name\":\"murse1215\",\"avatar\":\"ethan\",\"rating\":1152,\"seed\":[53091,43470,34013,308]}\n>player p2 {\"name\":\"yerpptheder\",\"avatar\":\"miku-ground\",\"rating\":1215,\"seed\":[23583,38792,37746,23039]}\n>p1 move focusblast dynamax\n>p2 switch 5\n>p1 move thunderbolt dynamax\n>p2 move thunderbolt\n>p1 move thunderbolt dynamax\n>p2 move thunderbolt\n>p1 move thunderbolt\n>p2 move nastyplot\n>p1 move thunderbolt\n>p2 move thunderbolt\n>p1 move thunderbolt\n>p2 move thunderbolt\n>p1 switch 6\n>p1 move surf\n>p2 move thunderbolt\n>p2 switch 4\n>p1 move taunt\n>p2 move sludgebomb\n>p1 switch 3\n>p2 move sludgebomb\n>p1 move freezedry\n>p2 switch 5\n>p1 move toxic\n>p2 move ancientpower\n>p1 switch 5\n>p1 move substitute\n>p2 switch 5\n>p1 move bulkup\n>p2 move sludgebomb\n>p1 move wickedblow\n>p2 move sludgebomb\n>p1 move wickedblow\n>p2 move sludgebomb\n>p2 switch 6\n>p1 switch 2\n>p2 move dracometeor\n>p1 move morningsun\n>p2 move toxic\n>p1 move toxic\n>p2 move roost\n>p1 switch 2\n>p2 move roost\n>p1 move wickedblow\n>p2 move dracometeor\n>p1 switch 3\n>p1 move moonblast\n>p2 switch 5\n>p1 move surf\n>p2 move freezedry\n>p1 switch 4\n>forcelose p1","uploadtime":1711939005,"views":0,"formatid":"gen8randombattle","rating":1131,"private":0,"password":null}