{"id":"gen9godlygift-2093013298","format":"[Gen 9] Godly Gift","players":["Evie733","SammyCe123"],"log":"|j|\u2606Evie733\n|j|\u2606SammyCe123\n|t:|1711903001\n|gametype|singles\n|player|p1|Evie733|mina-masters|\n|player|p2|SammyCe123|caitlin-masters|\n|teamsize|p1|6\n|teamsize|p2|6\n|gen|9\n|tier|[Gen 9] Godly Gift\n|rule|Species Clause: Limit one of each Pok\u00e9mon\n|rule|OHKO Clause: OHKO moves are banned\n|rule|Evasion Moves Clause: Evasion moves are banned\n|rule|Endless Battle Clause: Forcing endless battles is banned\n|rule|HP Percentage Mod: HP is shown in percentages\n|rule|Sleep Moves Clause: Sleep-inducing moves are banned\n|clearpoke\n|poke|p1|Zamazenta-*|\n|poke|p1|Arceus|\n|poke|p1|Roaring Moon|\n|poke|p1|Iron Treads|\n|poke|p1|Iron Hands|\n|poke|p1|Baxcalibur, F|\n|poke|p2|Skarmory, F|\n|poke|p2|Arceus-Ghost|\n|poke|p2|Clodsire, F|\n|poke|p2|Tornadus-Therian, M|\n|poke|p2|Alomomola, F|\n|poke|p2|Gholdengo|\n|teampreview\n|inactive|Battle timer is ON: inactive players will automatically lose when time's up. (requested by Evie733)\n|inactive|Evie733 has 270 seconds left.\n|inactive|SammyCe123 has 270 seconds left.\n|\n|t:|1711903044\n|start\n|switch|p1a: Iron Treads|Iron Treads|100\/100\n|switch|p2a: Skarmory|Skarmory, F|100\/100\n|-enditem|p1a: Iron Treads|Booster Energy\n|-activate|p1a: Iron Treads|ability: Quark Drive|[fromitem]\n|-start|p1a: Iron Treads|quarkdrivespe\n|turn|1\n|\n|t:|1711903054\n|switch|p2a: Alomomola|Alomomola, F|100\/100\n|move|p1a: Iron Treads|Stealth Rock|p2a: Alomomola\n|-sidestart|p2: SammyCe123|move: Stealth Rock\n|\n|upkeep\n|turn|2\n|\n|t:|1711903058\n|move|p1a: Iron Treads|Earth Power|p2a: Alomomola\n|-damage|p2a: Alomomola|79\/100\n|move|p2a: Alomomola|Scald|p1a: Iron Treads\n|-supereffective|p1a: Iron Treads\n|-damage|p1a: Iron Treads|63\/100\n|\n|upkeep\n|turn|3\n|\n|t:|1711903062\n|move|p1a: Iron Treads|Earth Power|p2a: Alomomola\n|-damage|p2a: Alomomola|57\/100\n|move|p2a: Alomomola|Scald|p1a: Iron Treads\n|-supereffective|p1a: Iron Treads\n|-damage|p1a: Iron Treads|24\/100\n|-status|p1a: Iron Treads|brn\n|\n|-damage|p1a: Iron Treads|18\/100 brn|[from] brn\n|upkeep\n|turn|4\n|\n|t:|1711903073\n|move|p1a: Iron Treads|Earth Power|p2a: Alomomola\n|-damage|p2a: Alomomola|38\/100\n|move|p2a: Alomomola|Flip Turn|p1a: Iron Treads\n|-supereffective|p1a: Iron Treads\n|-damage|p1a: Iron Treads|0 fnt\n|faint|p1a: Iron Treads\n|-end|p1a: Iron Treads|Quark Drive|[silent]\n|inactive|SammyCe123 has 270 seconds left.\n|inactive|SammyCe123 has 240 seconds left.\n|inactive|SammyCe123 has 210 seconds left.\n|\n|t:|1711903164\n|switch|p2a: Skarmory|Skarmory, F|100\/100|[from] Flip Turn\n|-damage|p2a: Skarmory|88\/100|[from] Stealth Rock\n|\n|upkeep\n|\n|t:|1711903175\n|switch|p1a: Arceus|Arceus|100\/100\n|turn|5\n|inactive|SammyCe123 has 210 seconds left.\n|\n|t:|1711903209\n|switch|p2a: Clodsire|Clodsire, F|100\/100\n|-terastallize|p1a: Arceus|Ghost\n|move|p1a: Arceus|Taunt|p2a: Clodsire\n|-start|p2a: Clodsire|move: Taunt\n|\n|upkeep\n|turn|6\n|\n|t:|1711903223\n|move|p1a: Arceus|Shadow Claw|p2a: Clodsire\n|-damage|p2a: Clodsire|77\/100\n|move|p2a: Clodsire|Poison Jab|p1a: Arceus\n|-resisted|p1a: Arceus\n|-damage|p1a: Arceus|93\/100\n|\n|upkeep\n|turn|7\n|inactive|SammyCe123 has 180 seconds left.\n|inactive|SammyCe123 has 150 seconds left.\n|j| Delphox23102008\n|\n|t:|1711903287\n|move|p1a: Arceus|Extreme Speed|p2a: Clodsire\n|-damage|p2a: Clodsire|46\/100\n|move|p2a: Clodsire|Poison Jab|p1a: Arceus\n|-resisted|p1a: Arceus\n|-damage|p1a: Arceus|84\/100\n|\n|-end|p2a: Clodsire|move: Taunt\n|upkeep\n|turn|8\n|\n|t:|1711903313\n|switch|p2a: Tornadus|Tornadus-Therian, M|100\/100\n|move|p1a: Arceus|Taunt|p2a: Tornadus\n|-start|p2a: Tornadus|move: Taunt\n|\n|upkeep\n|turn|9\n|\n|t:|1711903316\n|move|p2a: Tornadus|Knock Off|p1a: Arceus\n|-supereffective|p1a: Arceus\n|-damage|p1a: Arceus|55\/100\n|-enditem|p1a: Arceus|Silk Scarf|[from] move: Knock Off|[of] p2a: Tornadus\n|move|p1a: Arceus|Swords Dance|p1a: Arceus\n|-boost|p1a: Arceus|atk|2\n|\n|upkeep\n|turn|10\n|\n|t:|1711903339\n|move|p2a: Tornadus|Knock Off|p1a: Arceus\n|-supereffective|p1a: Arceus\n|-damage|p1a: Arceus|35\/100\n|move|p1a: Arceus|Shadow Claw|p2a: Tornadus\n|-damage|p2a: Tornadus|7\/100\n|\n|-end|p2a: Tornadus|move: Taunt\n|upkeep\n|turn|11\n|inactive|SammyCe123 has 120 seconds left.\n|\n|t:|1711903378\n|move|p2a: Tornadus|Knock Off|p1a: Arceus\n|-supereffective|p1a: Arceus\n|-damage|p1a: Arceus|16\/100\n|move|p1a: Arceus|Shadow Claw|p2a: Tornadus\n|-damage|p2a: Tornadus|0 fnt\n|faint|p2a: Tornadus\n|\n|upkeep\n|\n|t:|1711903386\n|switch|p2a: Skarmory|Skarmory, F|88\/100\n|-damage|p2a: Skarmory|76\/100|[from] Stealth Rock\n|turn|12\n|\n|t:|1711903391\n|move|p1a: Arceus|Taunt|p2a: Skarmory\n|-start|p2a: Skarmory|move: Taunt\n|cant|p2a: Skarmory|move: Taunt|Roost\n|\n|upkeep\n|turn|13\n|\n|t:|1711903396\n|move|p1a: Arceus|Shadow Claw|p2a: Skarmory\n|-damage|p2a: Skarmory|41\/100\n|-damage|p1a: Arceus|0 fnt|[from] item: Rocky Helmet|[of] p2a: Skarmory\n|faint|p1a: Arceus\n|move|p2a: Skarmory|Brave Bird|p1: Arceus|[notarget]\n|-fail|p2a: Skarmory\n|\n|upkeep\n|\n|t:|1711903419\n|switch|p1a: Roaring Moon|Roaring Moon|100\/100\n|-enditem|p1a: Roaring Moon|Booster Energy\n|-activate|p1a: Roaring Moon|ability: Protosynthesis|[fromitem]\n|-start|p1a: Roaring Moon|protosynthesisatk\n|turn|14\n|inactive|SammyCe123 has 120 seconds left.\n|inactive|Evie733 has 270 seconds left.\n|\n|t:|1711903459\n|move|p1a: Roaring Moon|Knock Off|p2a: Skarmory\n|-damage|p2a: Skarmory|6\/100\n|-damage|p1a: Roaring Moon|84\/100|[from] item: Rocky Helmet|[of] p2a: Skarmory\n|-enditem|p2a: Skarmory|Rocky Helmet|[from] move: Knock Off|[of] p1a: Roaring Moon\n|move|p2a: Skarmory|Brave Bird|p1a: Roaring Moon\n|-damage|p1a: Roaring Moon|57\/100\n|-damage|p2a: Skarmory|0 fnt|[from] Recoil\n|faint|p2a: Skarmory\n|\n|upkeep\n|inactive|SammyCe123 has 90 seconds left.\n|\n|t:|1711903494\n|switch|p2a: Gholdengo|Gholdengo|100\/100\n|turn|15\n|\n|t:|1711903497\n|move|p2a: Gholdengo|Make It Rain|p1a: Roaring Moon\n|-damage|p1a: Roaring Moon|0 fnt\n|-unboost|p2a: Gholdengo|spa|1\n|faint|p1a: Roaring Moon\n|-end|p1a: Roaring Moon|Protosynthesis|[silent]\n|\n|upkeep\n|\n|t:|1711903505\n|switch|p1a: Iron Hands|Iron Hands|100\/100\n|-enditem|p1a: Iron Hands|Booster Energy\n|-activate|p1a: Iron Hands|ability: Quark Drive|[fromitem]\n|-start|p1a: Iron Hands|quarkdriveatk\n|turn|16\n|inactive|SammyCe123 has 90 seconds left.\n|\n|t:|1711903532\n|move|p2a: Gholdengo|Nasty Plot|p2a: Gholdengo\n|-boost|p2a: Gholdengo|spa|2\n|move|p1a: Iron Hands|Ice Punch|p2a: Gholdengo\n|-resisted|p2a: Gholdengo\n|-damage|p2a: Gholdengo|77\/100\n|\n|upkeep\n|turn|17\n|\n|t:|1711903537\n|move|p2a: Gholdengo|Shadow Ball|p1a: Iron Hands\n|-damage|p1a: Iron Hands|65\/100\n|move|p1a: Iron Hands|Thunder Punch|p2a: Gholdengo\n|-damage|p2a: Gholdengo|8\/100\n|\n|upkeep\n|turn|18\n|inactive|SammyCe123 has 90 seconds left.\n|inactive|SammyCe123 has 60 seconds left.\n|\n|t:|1711903595\n|move|p2a: Gholdengo|Shadow Ball|p1a: Iron Hands\n|-damage|p1a: Iron Hands|26\/100\n|move|p1a: Iron Hands|Ice Punch|p2a: Gholdengo\n|-resisted|p2a: Gholdengo\n|-damage|p2a: Gholdengo|0 fnt\n|faint|p2a: Gholdengo\n|\n|upkeep\n|\n|t:|1711903597\n|switch|p2a: Arceus|Arceus-Ghost|100\/100\n|-damage|p2a: Arceus|88\/100|[from] Stealth Rock\n|turn|19\n|inactive|SammyCe123 has 60 seconds left.\n|\n|t:|1711903603\n|move|p2a: Arceus|Calm Mind|p2a: Arceus\n|-boost|p2a: Arceus|spa|1\n|-boost|p2a: Arceus|spd|1\n|move|p1a: Iron Hands|Thunder Punch|p2a: Arceus\n|-damage|p2a: Arceus|60\/100\n|-status|p2a: Arceus|par\n|\n|upkeep\n|turn|20\n|\n|t:|1711903608\n|move|p2a: Arceus|Recover|p2a: Arceus\n|-heal|p2a: Arceus|100\/100 par\n|move|p1a: Iron Hands|Thunder Punch|p2a: Arceus\n|-damage|p2a: Arceus|74\/100 par\n|\n|upkeep\n|turn|21\n|\n|t:|1711903613\n|move|p2a: Arceus|Calm Mind|p2a: Arceus\n|-boost|p2a: Arceus|spa|1\n|-boost|p2a: Arceus|spd|1\n|move|p1a: Iron Hands|Thunder Punch|p2a: Arceus\n|-damage|p2a: Arceus|45\/100 par\n|\n|upkeep\n|turn|22\n|\n|t:|1711903615\n|move|p2a: Arceus|Recover|p2a: Arceus\n|-heal|p2a: Arceus|95\/100 par\n|move|p1a: Iron Hands|Swords Dance|p1a: Iron Hands\n|-boost|p1a: Iron Hands|atk|2\n|\n|upkeep\n|turn|23\n|\n|t:|1711903617\n|move|p2a: Arceus|Judgment|p1a: Iron Hands\n|-damage|p1a: Iron Hands|0 fnt\n|faint|p1a: Iron Hands\n|-end|p1a: Iron Hands|Quark Drive|[silent]\n|\n|upkeep\n|\n|t:|1711903621\n|switch|p1a: Baxcalibur|Baxcalibur, F|100\/100\n|turn|24\n|\n|t:|1711903625\n|-terastallize|p2a: Arceus|Fairy\n|move|p1a: Baxcalibur|Scale Shot|p2a: Arceus\n|-immune|p2a: Arceus\n|move|p2a: Arceus|Judgment|p1a: Baxcalibur\n|-damage|p1a: Baxcalibur|3\/100\n|\n|upkeep\n|turn|25\n|c|\u2606Evie733|gg\n|c|\u2606SammyCe123|gg\n|-message|Evie733 forfeited.\n|\n|win|SammyCe123\n","uploadtime":1711903636,"views":24,"formatid":"gen9godlygift","rating":null,"private":0,"password":null}