{"id":"gen9godlygift-2092999605","format":"[Gen 9] Godly Gift","players":["Evie733","SammyCe123"],"log":"|j|\u2606Evie733\n|j|\u2606SammyCe123\n|t:|1711901374\n|gametype|singles\n|player|p1|Evie733|mina-masters|\n|player|p2|SammyCe123|caitlin-masters|\n|teamsize|p1|6\n|teamsize|p2|6\n|gen|9\n|tier|[Gen 9] Godly Gift\n|rule|Species Clause: Limit one of each Pok\u00e9mon\n|rule|OHKO Clause: OHKO moves are banned\n|rule|Evasion Moves Clause: Evasion moves are banned\n|rule|Endless Battle Clause: Forcing endless battles is banned\n|rule|HP Percentage Mod: HP is shown in percentages\n|rule|Sleep Moves Clause: Sleep-inducing moves are banned\n|clearpoke\n|poke|p1|Skarmory, F|\n|poke|p1|Giratina|\n|poke|p1|Clodsire, M|\n|poke|p1|Clefable, M|\n|poke|p1|Alomomola, M|\n|poke|p1|Skeledirge, M|\n|poke|p2|Skarmory, F|\n|poke|p2|Eternatus|\n|poke|p2|Alomomola, M|\n|poke|p2|Dragapult, F|\n|poke|p2|Ting-Lu|\n|poke|p2|Gholdengo|\n|teampreview\n|inactive|Battle timer is ON: inactive players will automatically lose when time's up. (requested by Evie733)\n|c|\u2606Evie733|glhf\n|c|\u2606SammyCe123|u2\n|inactive|Evie733 has 270 seconds left.\n|inactive|SammyCe123 has 270 seconds left.\n|inactive|SammyCe123 has 240 seconds left.\n|inactive|SammyCe123 has 210 seconds left.\n|inactive|SammyCe123 has 180 seconds left.\n|\n|t:|1711901495\n|start\n|switch|p1a: Alomomola|Alomomola, M, shiny|100\/100\n|switch|p2a: Alomomola|Alomomola, M|100\/100\n|turn|1\n|\n|t:|1711901503\n|switch|p1a: Giratina|Giratina, shiny|100\/100\n|-ability|p1a: Giratina|Pressure\n|move|p2a: Alomomola|Scald|p1a: Giratina\n|-resisted|p1a: Giratina\n|-damage|p1a: Giratina|96\/100\n|\n|upkeep\n|turn|2\n|\n|t:|1711901511\n|move|p1a: Giratina|Will-O-Wisp|p2a: Alomomola\n|-status|p2a: Alomomola|brn\n|move|p2a: Alomomola|Scald|p1a: Giratina\n|-resisted|p1a: Giratina\n|-damage|p1a: Giratina|92\/100\n|-status|p1a: Giratina|brn\n|\n|-damage|p1a: Giratina|86\/100 brn|[from] brn\n|-damage|p2a: Alomomola|94\/100 brn|[from] brn\n|upkeep\n|turn|3\n|\n|t:|1711901522\n|switch|p1a: Alomomola|Alomomola, M, shiny|100\/100\n|move|p2a: Alomomola|Flip Turn|p1a: Alomomola\n|-resisted|p1a: Alomomola\n|-crit|p1a: Alomomola\n|-damage|p1a: Alomomola|96\/100\n|inactive|SammyCe123 has 240 seconds left.\n|\n|t:|1711901548\n|switch|p2a: Dragapult|Dragapult, F|100\/100|[from] Flip Turn\n|\n|upkeep\n|turn|4\n|\n|t:|1711901556\n|move|p1a: Alomomola|Protect|p1a: Alomomola\n|-singleturn|p1a: Alomomola|Protect\n|move|p2a: Dragapult|Will-O-Wisp|p1a: Alomomola\n|-activate|p1a: Alomomola|move: Protect\n|\n|upkeep\n|turn|5\n|\n|t:|1711901566\n|move|p2a: Dragapult|Will-O-Wisp|p1a: Alomomola\n|-status|p1a: Alomomola|brn\n|move|p1a: Alomomola|Flip Turn|p2a: Dragapult\n|-resisted|p2a: Dragapult\n|-damage|p2a: Dragapult|95\/100\n|\n|t:|1711901570\n|switch|p1a: Clefable|Clefable, M, shiny|100\/100|[from] Flip Turn\n|\n|upkeep\n|turn|6\n|inactive|SammyCe123 has 270 seconds left.\n|\n|t:|1711901577\n|move|p2a: Dragapult|U-turn|p1a: Clefable\n|-resisted|p1a: Clefable\n|-damage|p1a: Clefable|94\/100\n|\n|t:|1711901580\n|switch|p2a: Skarmory|Skarmory, F|100\/100|[from] U-turn\n|move|p1a: Clefable|Knock Off|p2a: Skarmory\n|-damage|p2a: Skarmory|94\/100\n|-enditem|p2a: Skarmory|Rocky Helmet|[from] move: Knock Off|[of] p1a: Clefable\n|\n|-heal|p1a: Clefable|99\/100|[from] item: Leftovers\n|upkeep\n|turn|7\n|\n|t:|1711901591\n|move|p2a: Skarmory|Spikes|p1a: Clefable\n|-sidestart|p1: Evie733|Spikes\n|move|p1a: Clefable|Stealth Rock|p2a: Skarmory\n|-sidestart|p2: SammyCe123|move: Stealth Rock\n|\n|-heal|p1a: Clefable|100\/100|[from] item: Leftovers\n|upkeep\n|turn|8\n|\n|t:|1711901599\n|switch|p1a: Skarmory|Skarmory, F, shiny|100\/100\n|move|p2a: Skarmory|Spikes|p1a: Skarmory\n|-sidestart|p1: Evie733|Spikes\n|\n|upkeep\n|turn|9\n|\n|t:|1711901605\n|switch|p2a: Dragapult|Dragapult, F|95\/100\n|move|p1a: Skarmory|Spikes|p2a: Dragapult\n|-sidestart|p2: SammyCe123|Spikes\n|\n|upkeep\n|turn|10\n|\n|t:|1711901613\n|switch|p1a: Alomomola|Alomomola, M, shiny|100\/100 brn\n|move|p2a: Dragapult|Will-O-Wisp|p1a: Alomomola\n|-fail|p1a: Alomomola|brn\n|\n|-damage|p1a: Alomomola|94\/100 brn|[from] brn\n|upkeep\n|turn|11\n|\n|t:|1711901624\n|move|p2a: Dragapult|Hex|p1a: Alomomola\n|-damage|p1a: Alomomola|65\/100 brn\n|move|p1a: Alomomola|Flip Turn|p2a: Dragapult\n|-resisted|p2a: Dragapult\n|-damage|p2a: Dragapult|89\/100\n|\n|t:|1711901627\n|switch|p1a: Clefable|Clefable, M, shiny|100\/100|[from] Flip Turn\n|\n|upkeep\n|turn|12\n|\n|t:|1711901635\n|move|p2a: Dragapult|U-turn|p1a: Clefable\n|-resisted|p1a: Clefable\n|-damage|p1a: Clefable|94\/100\n|\n|t:|1711901637\n|switch|p2a: Skarmory|Skarmory, F|94\/100|[from] U-turn\n|-damage|p2a: Skarmory|82\/100|[from] Stealth Rock\n|move|p1a: Clefable|Moonblast|p2a: Skarmory\n|-resisted|p2a: Skarmory\n|-damage|p2a: Skarmory|66\/100\n|-unboost|p2a: Skarmory|spa|1\n|\n|-heal|p1a: Clefable|99\/100|[from] item: Leftovers\n|upkeep\n|turn|13\n|\n|t:|1711901644\n|switch|p1a: Skarmory|Skarmory, F, shiny|100\/100\n|move|p2a: Skarmory|Body Press|p1a: Skarmory\n|-damage|p1a: Skarmory|88\/100\n|-damage|p2a: Skarmory|50\/100|[from] item: Rocky Helmet|[of] p1a: Skarmory\n|\n|upkeep\n|turn|14\n|\n|t:|1711901648\n|move|p2a: Skarmory|Roost|p2a: Skarmory\n|-heal|p2a: Skarmory|99\/100\n|-singleturn|p2a: Skarmory|move: Roost\n|move|p1a: Skarmory|Spikes|p2a: Skarmory\n|-sidestart|p2: SammyCe123|Spikes\n|\n|upkeep\n|turn|15\n|\n|t:|1711901651\n|switch|p2a: Dragapult|Dragapult, F|89\/100\n|move|p1a: Skarmory|Spikes|p2a: Dragapult\n|-sidestart|p2: SammyCe123|Spikes\n|\n|upkeep\n|turn|16\n|\n|t:|1711901658\n|switch|p1a: Alomomola|Alomomola, M, shiny|98\/100 brn\n|-terastallize|p2a: Dragapult|Ghost\n|move|p2a: Dragapult|Hex|p1a: Alomomola\n|-damage|p1a: Alomomola|55\/100 brn\n|\n|-damage|p1a: Alomomola|49\/100 brn|[from] brn\n|upkeep\n|turn|17\n|inactive|SammyCe123 has 270 seconds left.\n|\n|t:|1711901693\n|-terastallize|p1a: Alomomola|Dark\n|move|p2a: Dragapult|U-turn|p1a: Alomomola\n|-supereffective|p1a: Alomomola\n|-damage|p1a: Alomomola|21\/100 brn\n|\n|t:|1711901701\n|switch|p2a: Alomomola|Alomomola, M|100\/100 brn|[from] U-turn\n|move|p1a: Alomomola|Wish|p1a: Alomomola\n|\n|-damage|p2a: Alomomola|94\/100 brn|[from] brn\n|-damage|p1a: Alomomola|15\/100 brn|[from] brn\n|upkeep\n|turn|18\n|inactive|SammyCe123 has 270 seconds left.\n|\n|t:|1711901715\n|switch|p2a: Eternatus|Eternatus|100\/100\n|-ability|p2a: Eternatus|Pressure\n|move|p1a: Alomomola|Protect||[still]\n|-fail|p1a: Alomomola\n|\n|-heal|p1a: Alomomola|65\/100 brn|[from] move: Wish|[wisher] Alomomola\n|-damage|p1a: Alomomola|58\/100 brn|[from] brn\n|upkeep\n|turn|19\n|inactive|SammyCe123 has 270 seconds left.\n|\n|t:|1711901723\n|switch|p1a: Clodsire|Clodsire, M, shiny|100\/100\n|move|p2a: Eternatus|Toxic Spikes|p1a: Clodsire\n|-sidestart|p1: Evie733|move: Toxic Spikes\n|\n|upkeep\n|turn|20\n|\n|t:|1711901737\n|switch|p2a: Skarmory|Skarmory, F|99\/100\n|-damage|p2a: Skarmory|87\/100|[from] Stealth Rock\n|move|p1a: Clodsire|Earthquake|p2a: Skarmory\n|-immune|p2a: Skarmory\n|\n|upkeep\n|turn|21\n|\n|t:|1711901743\n|switch|p1a: Skeledirge|Skeledirge, M, shiny|100\/100\n|move|p2a: Skarmory|Whirlwind|p1a: Skeledirge\n|drag|p1a: Giratina|Giratina, shiny|86\/100 brn\n|-ability|p1a: Giratina|Pressure\n|\n|-damage|p1a: Giratina|80\/100 brn|[from] brn\n|upkeep\n|turn|22\n|\n|t:|1711901752\n|switch|p1a: Skeledirge|Skeledirge, M, shiny|100\/100\n|switch|p2a: Alomomola|Alomomola, M|100\/100 brn\n|\n|-damage|p2a: Alomomola|94\/100 brn|[from] brn\n|upkeep\n|turn|23\n|\n|t:|1711901762\n|move|p1a: Skeledirge|Hex|p2a: Alomomola\n|-damage|p2a: Alomomola|49\/100 brn\n|move|p2a: Alomomola|Flip Turn|p1a: Skeledirge\n|-supereffective|p1a: Skeledirge\n|-damage|p1a: Skeledirge|86\/100\n|inactive|SammyCe123 has 270 seconds left.\n|\n|t:|1711901795\n|switch|p2a: Ting-Lu|Ting-Lu|100\/100|[from] Flip Turn\n|-ability|p2a: Ting-Lu|Vessel of Ruin\n|\n|upkeep\n|turn|24\n|\n|t:|1711901798\n|move|p1a: Skeledirge|Will-O-Wisp|p2a: Ting-Lu|[miss]\n|-miss|p1a: Skeledirge|p2a: Ting-Lu\n|move|p2a: Ting-Lu|Ruination|p1a: Skeledirge\n|-damage|p1a: Skeledirge|43\/100\n|\n|upkeep\n|turn|25\n|c|\u2606SammyCe123|mb\n|\n|t:|1711901805\n|move|p1a: Skeledirge|Will-O-Wisp|p2a: Ting-Lu\n|-status|p2a: Ting-Lu|brn\n|move|p2a: Ting-Lu|Ruination|p1a: Skeledirge\n|-damage|p1a: Skeledirge|22\/100\n|\n|-damage|p2a: Ting-Lu|94\/100 brn|[from] brn\n|upkeep\n|turn|26\n|\n|t:|1711901809\n|move|p1a: Skeledirge|Slack Off|p1a: Skeledirge\n|-heal|p1a: Skeledirge|72\/100\n|move|p2a: Ting-Lu|Ruination|p1a: Skeledirge|[miss]\n|-miss|p2a: Ting-Lu|p1a: Skeledirge\n|\n|-damage|p2a: Ting-Lu|88\/100 brn|[from] brn\n|upkeep\n|turn|27\n|\n|t:|1711901819\n|switch|p1a: Alomomola|Alomomola, M, shiny, tera:Dark|92\/100 brn\n|move|p2a: Ting-Lu|Ruination|p1a: Alomomola\n|-damage|p1a: Alomomola|46\/100 brn\n|\n|-damage|p2a: Ting-Lu|82\/100 brn|[from] brn\n|-damage|p1a: Alomomola|40\/100 brn|[from] brn\n|upkeep\n|turn|28\n|\n|t:|1711901829\n|switch|p2a: Alomomola|Alomomola, M|82\/100 brn\n|move|p1a: Alomomola|Whirlpool|p2a: Alomomola|[miss]\n|-miss|p1a: Alomomola|p2a: Alomomola\n|\n|-damage|p2a: Alomomola|76\/100 brn|[from] brn\n|-damage|p1a: Alomomola|34\/100 brn|[from] brn\n|upkeep\n|turn|29\n|\n|t:|1711901845\n|move|p2a: Alomomola|Wish|p2a: Alomomola\n|move|p1a: Alomomola|Wish|p1a: Alomomola\n|\n|-damage|p2a: Alomomola|70\/100 brn|[from] brn\n|-damage|p1a: Alomomola|28\/100 brn|[from] brn\n|upkeep\n|turn|30\n|\n|t:|1711901854\n|move|p2a: Alomomola|Scald|p1a: Alomomola\n|-damage|p1a: Alomomola|22\/100 brn\n|move|p1a: Alomomola|Whirlpool|p2a: Alomomola\n|-resisted|p2a: Alomomola\n|-damage|p2a: Alomomola|67\/100 brn\n|-activate|p2a: Alomomola|move: Whirlpool|[of] p1a: Alomomola\n|\n|-heal|p2a: Alomomola|100\/100 brn|[from] move: Wish|[wisher] Alomomola\n|-heal|p1a: Alomomola|72\/100 brn|[from] move: Wish|[wisher] Alomomola\n|-damage|p2a: Alomomola|94\/100 brn|[from] brn\n|-damage|p1a: Alomomola|66\/100 brn|[from] brn\n|-damage|p2a: Alomomola|82\/100 brn|[from] move: Whirlpool|[partiallytrapped]\n|upkeep\n|turn|31\n|\n|t:|1711901864\n|move|p2a: Alomomola|Flip Turn|p1a: Alomomola\n|-damage|p1a: Alomomola|60\/100 brn\n|\n|t:|1711901866\n|switch|p2a: Eternatus|Eternatus|100\/100|[from] Flip Turn\n|-ability|p2a: Eternatus|Pressure\n|move|p1a: Alomomola|Flip Turn|p2a: Eternatus\n|-resisted|p2a: Eternatus\n|-damage|p2a: Eternatus|97\/100\n|\n|t:|1711901876\n|switch|p1a: Skarmory|Skarmory, F, shiny|88\/100|[from] Flip Turn\n|\n|upkeep\n|turn|32\n|\n|t:|1711901883\n|switch|p1a: Clodsire|Clodsire, M, shiny|100\/100\n|-sideend|p1: Evie733|move: Toxic Spikes|[of] p1a: Clodsire\n|move|p2a: Eternatus|Flamethrower|p1a: Clodsire\n|-damage|p1a: Clodsire|77\/100\n|\n|upkeep\n|turn|33\n|\n|t:|1711901906\n|switch|p2a: Alomomola|Alomomola, M|100\/100 brn\n|switch|p1a: Alomomola|Alomomola, M, shiny, tera:Dark|93\/100 brn\n|\n|-damage|p2a: Alomomola|94\/100 brn|[from] brn\n|-damage|p1a: Alomomola|87\/100 brn|[from] brn\n|upkeep\n|turn|34\n|\n|t:|1711901912\n|switch|p2a: Eternatus|Eternatus|97\/100\n|-ability|p2a: Eternatus|Pressure\n|switch|p1a: Giratina|Giratina, shiny|80\/100 brn\n|-ability|p1a: Giratina|Pressure\n|\n|-damage|p1a: Giratina|74\/100 brn|[from] brn\n|upkeep\n|turn|35\n|\n|t:|1711901920\n|switch|p1a: Clodsire|Clodsire, M, shiny|77\/100\n|move|p2a: Eternatus|Flamethrower|p1a: Clodsire\n|-damage|p1a: Clodsire|54\/100\n|\n|upkeep\n|turn|36\n|\n|t:|1711901923\n|move|p2a: Eternatus|Flamethrower|p1a: Clodsire\n|-damage|p1a: Clodsire|30\/100\n|move|p1a: Clodsire|Recover|p1a: Clodsire\n|-heal|p1a: Clodsire|80\/100\n|\n|upkeep\n|turn|37\n|\n|t:|1711901935\n|switch|p1a: Giratina|Giratina, shiny|74\/100 brn\n|-ability|p1a: Giratina|Pressure\n|move|p2a: Eternatus|Flamethrower|p1a: Giratina\n|-resisted|p1a: Giratina\n|-damage|p1a: Giratina|63\/100 brn\n|\n|-damage|p1a: Giratina|57\/100 brn|[from] brn\n|upkeep\n|turn|38\n|\n|t:|1711901946\n|switch|p2a: Alomomola|Alomomola, M|100\/100 brn\n|switch|p1a: Clodsire|Clodsire, M, shiny|80\/100\n|\n|-damage|p2a: Alomomola|94\/100 brn|[from] brn\n|upkeep\n|turn|39\n|\n|t:|1711901951\n|switch|p1a: Alomomola|Alomomola, M, shiny, tera:Dark|100\/100 brn\n|move|p2a: Alomomola|Flip Turn|p1a: Alomomola\n|-damage|p1a: Alomomola|95\/100 brn\n|\n|t:|1711901969\n|switch|p2a: Eternatus|Eternatus|97\/100|[from] Flip Turn\n|-ability|p2a: Eternatus|Pressure\n|\n|-damage|p1a: Alomomola|89\/100 brn|[from] brn\n|upkeep\n|turn|40\n|\n|t:|1711901972\n|move|p2a: Eternatus|Toxic Spikes|p1a: Alomomola\n|-sidestart|p1: Evie733|move: Toxic Spikes\n|move|p1a: Alomomola|Wish|p1a: Alomomola\n|\n|-damage|p1a: Alomomola|82\/100 brn|[from] brn\n|upkeep\n|turn|41\n|\n|t:|1711901992\n|switch|p2a: Alomomola|Alomomola, M|100\/100 brn\n|move|p1a: Alomomola|Flip Turn|p2a: Alomomola\n|-resisted|p2a: Alomomola\n|-damage|p2a: Alomomola|98\/100 brn\n|\n|t:|1711901996\n|switch|p1a: Giratina|Giratina, shiny|57\/100 brn|[from] Flip Turn\n|-ability|p1a: Giratina|Pressure\n|\n|-heal|p1a: Giratina|100\/100 brn|[from] move: Wish|[wisher] Alomomola\n|-damage|p1a: Giratina|94\/100 brn|[from] brn\n|-damage|p2a: Alomomola|92\/100 brn|[from] brn\n|upkeep\n|turn|42\n|\n|t:|1711902001\n|move|p2a: Alomomola|Flip Turn|p1a: Giratina\n|-resisted|p1a: Giratina\n|-damage|p1a: Giratina|93\/100 brn\n|\n|t:|1711902008\n|switch|p2a: Gholdengo|Gholdengo|100\/100|[from] Flip Turn\n|move|p1a: Giratina|Dragon Tail|p2a: Gholdengo\n|-resisted|p2a: Gholdengo\n|-damage|p2a: Gholdengo|94\/100\n|drag|p2a: Dragapult|Dragapult, F, tera:Ghost|89\/100\n|\n|-damage|p1a: Giratina|86\/100 brn|[from] brn\n|upkeep\n|turn|43\n|\n|t:|1711902015\n|switch|p1a: Alomomola|Alomomola, M, shiny, tera:Dark|100\/100 brn\n|move|p2a: Dragapult|Hex|p1a: Alomomola\n|-resisted|p1a: Alomomola\n|-damage|p1a: Alomomola|81\/100 brn\n|\n|-damage|p1a: Alomomola|74\/100 brn|[from] brn\n|upkeep\n|turn|44\n|\n|t:|1711902021\n|move|p2a: Dragapult|U-turn|p1a: Alomomola\n|-supereffective|p1a: Alomomola\n|-damage|p1a: Alomomola|46\/100 brn\n|\n|t:|1711902038\n|switch|p2a: Gholdengo|Gholdengo|94\/100|[from] U-turn\n|move|p1a: Alomomola|Flip Turn|p2a: Gholdengo\n|-damage|p2a: Gholdengo|86\/100\n|\n|t:|1711902053\n|switch|p1a: Clodsire|Clodsire, M, shiny|80\/100|[from] Flip Turn\n|-sideend|p1: Evie733|move: Toxic Spikes|[of] p1a: Clodsire\n|\n|upkeep\n|turn|45\n|\n|t:|1711902058\n|switch|p2a: Alomomola|Alomomola, M|100\/100 brn\n|move|p1a: Clodsire|Haze|p1a: Clodsire\n|-clearallboost\n|\n|-damage|p2a: Alomomola|94\/100 brn|[from] brn\n|upkeep\n|turn|46\n|\n|t:|1711902066\n|switch|p1a: Giratina|Giratina, shiny|86\/100 brn\n|-ability|p1a: Giratina|Pressure\n|move|p2a: Alomomola|Flip Turn|p1a: Giratina\n|-resisted|p1a: Giratina\n|-damage|p1a: Giratina|85\/100 brn\n|\n|t:|1711902083\n|switch|p2a: Dragapult|Dragapult, F, tera:Ghost|89\/100|[from] Flip Turn\n|\n|-damage|p1a: Giratina|78\/100 brn|[from] brn\n|upkeep\n|turn|47\n|\n|t:|1711902090\n|switch|p1a: Alomomola|Alomomola, M, shiny, tera:Dark|80\/100 brn\n|move|p2a: Dragapult|U-turn|p1a: Alomomola\n|-supereffective|p1a: Alomomola\n|-damage|p1a: Alomomola|51\/100 brn\n|\n|t:|1711902101\n|switch|p2a: Eternatus|Eternatus|97\/100|[from] U-turn\n|-ability|p2a: Eternatus|Pressure\n|\n|-damage|p1a: Alomomola|45\/100 brn|[from] brn\n|upkeep\n|turn|48\n|\n|t:|1711902104\n|move|p2a: Eternatus|Flamethrower|p1a: Alomomola\n|-damage|p1a: Alomomola|31\/100 brn\n|move|p1a: Alomomola|Wish|p1a: Alomomola\n|\n|-damage|p1a: Alomomola|25\/100 brn|[from] brn\n|upkeep\n|turn|49\n|\n|t:|1711902110\n|move|p1a: Alomomola|Protect|p1a: Alomomola\n|-singleturn|p1a: Alomomola|Protect\n|move|p2a: Eternatus|Toxic Spikes|p1a: Alomomola\n|-sidestart|p1: Evie733|move: Toxic Spikes\n|\n|-heal|p1a: Alomomola|75\/100 brn|[from] move: Wish|[wisher] Alomomola\n|-damage|p1a: Alomomola|69\/100 brn|[from] brn\n|upkeep\n|turn|50\n|\n|t:|1711902121\n|switch|p2a: Alomomola|Alomomola, M|100\/100 brn\n|switch|p1a: Clodsire|Clodsire, M, shiny|80\/100\n|-sideend|p1: Evie733|move: Toxic Spikes|[of] p1a: Clodsire\n|\n|-damage|p2a: Alomomola|94\/100 brn|[from] brn\n|upkeep\n|turn|51\n|\n|t:|1711902125\n|switch|p1a: Giratina|Giratina, shiny|78\/100 brn\n|-ability|p1a: Giratina|Pressure\n|move|p2a: Alomomola|Flip Turn|p1a: Giratina\n|-resisted|p1a: Giratina\n|-damage|p1a: Giratina|77\/100 brn\n|\n|t:|1711902143\n|switch|p2a: Gholdengo|Gholdengo|86\/100|[from] Flip Turn\n|\n|-damage|p1a: Giratina|71\/100 brn|[from] brn\n|upkeep\n|turn|52\n|\n|t:|1711902155\n|switch|p1a: Clodsire|Clodsire, M, shiny|80\/100\n|move|p2a: Gholdengo|Shadow Ball|p1a: Clodsire\n|-damage|p1a: Clodsire|52\/100\n|\n|upkeep\n|turn|53\n|\n|t:|1711902166\n|move|p2a: Gholdengo|Make It Rain|p1a: Clodsire\n|-crit|p1a: Clodsire\n|-damage|p1a: Clodsire|0 fnt\n|-unboost|p2a: Gholdengo|spa|1\n|faint|p1a: Clodsire\n|\n|upkeep\n|c|\u2606SammyCe123|mb\n|\n|t:|1711902172\n|switch|p1a: Alomomola|Alomomola, M, shiny, tera:Dark|100\/100 brn\n|turn|54\n|\n|t:|1711902187\n|move|p2a: Gholdengo|Nasty Plot|p2a: Gholdengo\n|-boost|p2a: Gholdengo|spa|2\n|move|p1a: Alomomola|Flip Turn|p2a: Gholdengo\n|-damage|p2a: Gholdengo|77\/100\n|c|\u2606Evie733|yeah gg\n|c|\u2606SammyCe123|gg\n|c|\u2606Evie733|i cant win after the crit\n|c|\u2606SammyCe123|sorry ab that crit\n|-message|Evie733 forfeited.\n|\n|win|SammyCe123\n","uploadtime":1711902211,"views":29,"formatid":"gen9godlygift","rating":null,"private":0,"password":null}