|j|☆Evie733
|j|☆SammyCe123
|t:|1711902255
|gametype|singles
|player|p1|Evie733|mina-masters|
|player|p2|SammyCe123|caitlin-masters|
|teamsize|p1|6
|teamsize|p2|6
|gen|9
|tier|[Gen 9] Godly Gift
|rule|Species Clause: Limit one of each Pokémon
|rule|OHKO Clause: OHKO moves are banned
|rule|Evasion Moves Clause: Evasion moves are banned
|rule|Endless Battle Clause: Forcing endless battles is banned
|rule|HP Percentage Mod: HP is shown in percentages
|rule|Sleep Moves Clause: Sleep-inducing moves are banned
|clearpoke
|poke|p1|Corviknight, M|
|poke|p1|Arceus-Ground|
|poke|p1|Clefable, F|
|poke|p1|Dragapult, F|
|poke|p1|Alomomola, F|
|poke|p1|Iron Hands|
|poke|p2|Hatterene, F|
|poke|p2|Chien-Pao|
|poke|p2|Zapdos|
|poke|p2|Dragapult, F|
|poke|p2|Great Tusk|
|poke|p2|Necrozma-Dusk-Mane|
|teampreview
|inactive|Battle timer is ON: inactive players will automatically lose when time's up. (requested by Evie733)
|inactive|SammyCe123 has 270 seconds left.
|inactive|SammyCe123 has 240 seconds left.
|
|t:|1711902321
|start
|switch|p1a: Alomomola|Alomomola, F|100/100
|switch|p2a: Necrozma|Necrozma-Dusk-Mane|100/100
|turn|1
|
|t:|1711902333
|switch|p2a: Zapdos|Zapdos|100/100
|switch|p1a: Corviknight|Corviknight, M|100/100
|-ability|p1a: Corviknight|Pressure
|
|upkeep
|turn|2
|
|t:|1711902337
|switch|p1a: Arceus|Arceus-Ground|100/100
|move|p2a: Zapdos|U-turn|p1a: Arceus
|-damage|p1a: Arceus|91/100
|
|t:|1711902341
|switch|p2a: Chien-Pao|Chien-Pao|100/100|[from] U-turn
|-ability|p2a: Chien-Pao|Sword of Ruin
|
|upkeep
|turn|3
|
|t:|1711902345
|switch|p1a: Clefable|Clefable, F|100/100
|move|p2a: Chien-Pao|Icicle Crash|p1a: Clefable
|-damage|p1a: Clefable|43/100
|
|-heal|p1a: Clefable|49/100|[from] item: Leftovers
|upkeep
|turn|4
|
|t:|1711902355
|switch|p2a: Zapdos|Zapdos|100/100
|switch|p1a: Alomomola|Alomomola, F|100/100
|
|upkeep
|turn|5
|
|t:|1711902361
|move|p2a: Zapdos|Discharge|p1a: Alomomola
|-supereffective|p1a: Alomomola
|-damage|p1a: Alomomola|74/100
|move|p1a: Alomomola|Flip Turn|p2a: Zapdos
|-damage|p2a: Zapdos|91/100
|
|t:|1711902370
|switch|p1a: Dragapult|Dragapult, F|100/100|[from] Flip Turn
|
|upkeep
|turn|6
|
|t:|1711902394
|move|p1a: Dragapult|Shadow Ball|p2a: Zapdos
|-damage|p2a: Zapdos|34/100
|move|p2a: Zapdos|Discharge|p1a: Dragapult
|-resisted|p1a: Dragapult
|-damage|p1a: Dragapult|80/100
|-status|p1a: Dragapult|par
|
|upkeep
|turn|7
|
|t:|1711902413
|switch|p1a: Iron Hands|Iron Hands|100/100
|move|p2a: Zapdos|Roost|p2a: Zapdos
|-heal|p2a: Zapdos|84/100
|-singleturn|p2a: Zapdos|move: Roost
|
|upkeep
|turn|8
|
|t:|1711902421
|move|p1a: Iron Hands|Ice Punch|p2a: Zapdos
|-supereffective|p2a: Zapdos
|-damage|p2a: Zapdos|51/100
|move|p2a: Zapdos|Hurricane|p1a: Iron Hands|[miss]
|-miss|p2a: Zapdos|p1a: Iron Hands
|
|upkeep
|turn|9
|inactive|SammyCe123 has 270 seconds left.
|
|t:|1711902447
|move|p1a: Iron Hands|Swords Dance|p1a: Iron Hands
|-boost|p1a: Iron Hands|atk|2
|move|p2a: Zapdos|U-turn|p1a: Iron Hands
|-resisted|p1a: Iron Hands
|-damage|p1a: Iron Hands|96/100
|inactive|SammyCe123 has 240 seconds left.
|inactive|SammyCe123 has 210 seconds left.
|inactive|SammyCe123 has 180 seconds left.
|inactive|SammyCe123 has 150 seconds left.
|
|t:|1711902577
|switch|p2a: Dragapult|Dragapult, F|100/100|[from] U-turn
|
|-heal|p1a: Iron Hands|100/100|[from] item: Leftovers
|upkeep
|turn|10
|inactive|SammyCe123 has 150 seconds left.
|
|t:|1711902590
|-end|p1a: Iron Hands|Quark Drive|[silent]
|switch|p1a: Alomomola|Alomomola, F|100/100
|move|p2a: Dragapult|Draco Meteor|p1a: Alomomola
|-damage|p1a: Alomomola|64/100
|-unboost|p2a: Dragapult|spa|2
|
|upkeep
|turn|11
|inactive|SammyCe123 has 150 seconds left.
|inactive|Evie733 has 270 seconds left.
|
|t:|1711902644
|switch|p2a: Zapdos|Zapdos|51/100
|move|p1a: Alomomola|Flip Turn|p2a: Zapdos
|-damage|p2a: Zapdos|42/100
|
|t:|1711902649
|switch|p1a: Iron Hands|Iron Hands|100/100|[from] Flip Turn
|
|upkeep
|turn|12
|inactive|SammyCe123 has 150 seconds left.
|inactive|SammyCe123 has 120 seconds left.
|inactive|SammyCe123 has 90 seconds left.
|
|t:|1711902720
|switch|p2a: Hatterene|Hatterene, F|100/100
|move|p1a: Iron Hands|Swords Dance|p1a: Iron Hands
|-boost|p1a: Iron Hands|atk|2
|
|upkeep
|turn|13
|
|t:|1711902736
|move|p1a: Iron Hands|Thunder Punch|p2a: Hatterene
|-damage|p2a: Hatterene|46/100
|-status|p2a: Hatterene|par
|move|p2a: Hatterene|Draining Kiss|p1a: Iron Hands
|-supereffective|p1a: Iron Hands
|-damage|p1a: Iron Hands|53/100
|-heal|p2a: Hatterene|86/100 par|[from] drain|[of] p1a: Iron Hands
|
|-heal|p1a: Iron Hands|60/100|[from] item: Leftovers
|-heal|p2a: Hatterene|92/100 par|[from] item: Leftovers
|upkeep
|turn|14
|
|t:|1711902745
|-end|p1a: Iron Hands|Quark Drive|[silent]
|switch|p1a: Alomomola|Alomomola, F|98/100
|cant|p2a: Hatterene|par
|
|-heal|p2a: Hatterene|98/100 par|[from] item: Leftovers
|upkeep
|turn|15
|
|t:|1711902753
|move|p1a: Alomomola|Flip Turn|p2a: Hatterene
|-damage|p2a: Hatterene|87/100 par
|
|t:|1711902755
|switch|p1a: Arceus|Arceus-Ground|91/100|[from] Flip Turn
|cant|p2a: Hatterene|par
|
|-heal|p2a: Hatterene|93/100 par|[from] item: Leftovers
|upkeep
|turn|16
|inactive|SammyCe123 has 120 seconds left.
|
|t:|1711902767
|switch|p2a: Zapdos|Zapdos|42/100
|move|p1a: Arceus|Calm Mind|p1a: Arceus
|-boost|p1a: Arceus|spa|1
|-boost|p1a: Arceus|spd|1
|
|upkeep
|turn|17
|
|t:|1711902770
|switch|p2a: Chien-Pao|Chien-Pao|100/100
|-ability|p2a: Chien-Pao|Sword of Ruin
|move|p1a: Arceus|Power Gem|p2a: Chien-Pao
|-supereffective|p2a: Chien-Pao
|-damage|p2a: Chien-Pao|0 fnt
|faint|p2a: Chien-Pao
|
|upkeep
|inactive|SammyCe123 has 120 seconds left.
|inactive|SammyCe123 has 90 seconds left.
|
|t:|1711902826
|switch|p2a: Necrozma|Necrozma-Dusk-Mane|100/100
|turn|18
|
|t:|1711902830
|move|p1a: Arceus|Judgment|p2a: Necrozma
|-supereffective|p2a: Necrozma
|-damage|p2a: Necrozma|37/100
|move|p2a: Necrozma|Sunsteel Strike|p1a: Arceus
|-damage|p1a: Arceus|57/100
|
|-heal|p2a: Necrozma|43/100|[from] item: Leftovers
|upkeep
|turn|19
|inactive|SammyCe123 has 90 seconds left.
|
|t:|1711902836
|move|p1a: Arceus|Recover|p1a: Arceus
|-heal|p1a: Arceus|100/100
|move|p2a: Necrozma|Sunsteel Strike|p1a: Arceus
|-damage|p1a: Arceus|69/100
|
|-heal|p2a: Necrozma|49/100|[from] item: Leftovers
|upkeep
|turn|20
|
|t:|1711902842
|move|p1a: Arceus|Judgment|p2a: Necrozma
|-supereffective|p2a: Necrozma
|-damage|p2a: Necrozma|0 fnt
|faint|p2a: Necrozma
|
|upkeep
|inactive|SammyCe123 has 90 seconds left.
|
|t:|1711902875
|switch|p2a: Dragapult|Dragapult, F|100/100
|turn|21
|inactive|Evie733 has 270 seconds left.
|
|t:|1711902924
|-terastallize|p2a: Dragapult|Ghost
|move|p2a: Dragapult|Shadow Ball|p1a: Arceus
|-damage|p1a: Arceus|36/100
|move|p1a: Arceus|Recover|p1a: Arceus
|-heal|p1a: Arceus|86/100
|
|upkeep
|turn|22
|
|t:|1711902929
|move|p2a: Dragapult|Shadow Ball|p1a: Arceus
|-damage|p1a: Arceus|55/100
|move|p1a: Arceus|Calm Mind|p1a: Arceus
|-boost|p1a: Arceus|spa|1
|-boost|p1a: Arceus|spd|1
|
|upkeep
|turn|23
|
|t:|1711902933
|move|p2a: Dragapult|Shadow Ball|p1a: Arceus
|-damage|p1a: Arceus|31/100
|move|p1a: Arceus|Recover|p1a: Arceus
|-heal|p1a: Arceus|81/100
|
|upkeep
|turn|24
|
|t:|1711902936
|move|p2a: Dragapult|Shadow Ball|p1a: Arceus
|-damage|p1a: Arceus|57/100
|move|p1a: Arceus|Calm Mind|p1a: Arceus
|-boost|p1a: Arceus|spa|1
|-boost|p1a: Arceus|spd|1
|
|upkeep
|turn|25
|
|t:|1711902939
|move|p2a: Dragapult|Shadow Ball|p1a: Arceus
|-damage|p1a: Arceus|37/100
|-unboost|p1a: Arceus|spd|1
|move|p1a: Arceus|Recover|p1a: Arceus
|-heal|p1a: Arceus|87/100
|
|upkeep
|turn|26
|
|t:|1711902947
|move|p2a: Dragapult|Shadow Ball|p1a: Arceus
|-damage|p1a: Arceus|60/100
|move|p1a: Arceus|Judgment|p2a: Dragapult
|-damage|p2a: Dragapult|0 fnt
|faint|p2a: Dragapult
|
|upkeep
|
|t:|1711902952
|switch|p2a: Great Tusk|Great Tusk|100/100
|turn|27
|
|t:|1711902954
|move|p1a: Arceus|Recover|p1a: Arceus
|-heal|p1a: Arceus|100/100
|move|p2a: Great Tusk|Close Combat|p1a: Arceus
|-damage|p1a: Arceus|59/100
|-unboost|p2a: Great Tusk|def|1
|-unboost|p2a: Great Tusk|spd|1
|
|upkeep
|turn|28
|
|t:|1711902961
|move|p1a: Arceus|Judgment|p2a: Great Tusk
|-damage|p2a: Great Tusk|0 fnt
|faint|p2a: Great Tusk
|-end|p2a: Great Tusk|Protosynthesis|[silent]
|
|upkeep
|
|t:|1711902964
|switch|p2a: Hatterene|Hatterene, F|93/100 par
|turn|29
|
|t:|1711902966
|move|p1a: Arceus|Judgment|p2a: Hatterene
|-damage|p2a: Hatterene|0 fnt
|faint|p2a: Hatterene
|
|upkeep
|
|t:|1711902968
|switch|p2a: Zapdos|Zapdos|42/100
|turn|30
|
|t:|1711902970
|move|p1a: Arceus|Power Gem|p2a: Zapdos
|-supereffective|p2a: Zapdos
|-damage|p2a: Zapdos|0 fnt
|faint|p2a: Zapdos
|
|win|Evie733
|c|☆Evie733|gg
|c|☆SammyCe123|gg
