{"id":"gen9godlygift-2093261815","format":"[Gen 9] Godly Gift","players":["Kin+ak (\u2727\u2207\u2727)","Iisacar"],"log":"|j|\u2606Kin+ak (\u2727\u2207\u2727)\n|j|\u2606Iisacar\n|inactive|Battle timer is ON: inactive players will automatically lose when time's up.\n|t:|1711931689\n|gametype|singles\n|player|p1|Kin+ak (\u2727\u2207\u2727)|wally|\n|player|p2|Iisacar|burglar|\n|teamsize|p1|6\n|teamsize|p2|6\n|gen|9\n|tier|[Gen 9] Godly Gift\n|rated|Tournament battle\n|rule|Species Clause: Limit one of each Pok\u00e9mon\n|rule|OHKO Clause: OHKO moves are banned\n|rule|Evasion Moves Clause: Evasion moves are banned\n|rule|Endless Battle Clause: Forcing endless battles is banned\n|rule|HP Percentage Mod: HP is shown in percentages\n|rule|Sleep Moves Clause: Sleep-inducing moves are banned\n|clearpoke\n|poke|p1|Hatterene, F|\n|poke|p1|Talonflame, F|\n|poke|p1|Milotic, M|\n|poke|p1|Zacian-*|\n|poke|p1|Pecharunt|\n|poke|p1|Glastrier|\n|poke|p2|Skarmory, F|\n|poke|p2|Eternatus|\n|poke|p2|Slowking, F|\n|poke|p2|Serperior, F|\n|poke|p2|Iron Treads|\n|poke|p2|Urshifu-*, M|\n|teampreview\n|c|\u2606Iisacar|Glhf\n|inactive|Iisacar has 120 seconds left.\n|\n|t:|1711931722\n|start\n|switch|p1a: Milotic|Milotic, M|100\/100\n|switch|p2a: Skarmory|Skarmory, F|100\/100\n|turn|1\n|\n|t:|1711931727\n|move|p1a: Milotic|Scald|p2a: Skarmory\n|-damage|p2a: Skarmory|74\/100\n|move|p2a: Skarmory|Spikes|p1a: Milotic\n|-sidestart|p1: Kin+ak (\u2727\u2207\u2727)|Spikes\n|\n|-status|p1a: Milotic|brn|[from] item: Flame Orb\n|upkeep\n|turn|2\n|\n|t:|1711931732\n|move|p1a: Milotic|Scald|p2a: Skarmory\n|-damage|p2a: Skarmory|50\/100\n|move|p2a: Skarmory|Spikes|p1a: Milotic\n|-sidestart|p1: Kin+ak (\u2727\u2207\u2727)|Spikes\n|\n|-damage|p1a: Milotic|94\/100 brn|[from] brn\n|upkeep\n|turn|3\n|\n|t:|1711931735\n|move|p1a: Milotic|Scald|p2a: Skarmory\n|-damage|p2a: Skarmory|22\/100\n|move|p2a: Skarmory|Roost|p2a: Skarmory\n|-heal|p2a: Skarmory|72\/100\n|-singleturn|p2a: Skarmory|move: Roost\n|\n|-damage|p1a: Milotic|88\/100 brn|[from] brn\n|upkeep\n|turn|4\n|\n|t:|1711931741\n|move|p1a: Milotic|Scald|p2a: Skarmory\n|-damage|p2a: Skarmory|44\/100\n|move|p2a: Skarmory|Spikes|p1a: Milotic\n|-sidestart|p1: Kin+ak (\u2727\u2207\u2727)|Spikes\n|\n|-damage|p1a: Milotic|82\/100 brn|[from] brn\n|upkeep\n|turn|5\n|c|\u2606Kin+ak (\u2727\u2207\u2727)|Sheer force ftw\n|\n|t:|1711931750\n|move|p1a: Milotic|Scald|p2a: Skarmory\n|-damage|p2a: Skarmory|17\/100\n|move|p2a: Skarmory|Roost|p2a: Skarmory\n|-heal|p2a: Skarmory|67\/100\n|-singleturn|p2a: Skarmory|move: Roost\n|\n|-damage|p1a: Milotic|76\/100 brn|[from] brn\n|upkeep\n|turn|6\n|c|\u2606Iisacar|lol\n|\n|t:|1711931769\n|switch|p2a: Slowking|Slowking, F|100\/100\n|move|p1a: Milotic|Scald|p2a: Slowking\n|-resisted|p2a: Slowking\n|-damage|p2a: Slowking|89\/100\n|\n|-damage|p1a: Milotic|70\/100 brn|[from] brn\n|upkeep\n|turn|7\n|\n|t:|1711931784\n|move|p1a: Milotic|Flip Turn|p2a: Slowking\n|-resisted|p2a: Slowking\n|-damage|p2a: Slowking|86\/100\n|\n|t:|1711931805\n|switch|p1a: Pecharunt|Pecharunt|100\/100|[from] Flip Turn\n|-damage|p1a: Pecharunt|75\/100|[from] Spikes\n|move|p2a: Slowking|Future Sight|p1a: Pecharunt\n|-start|p2a: Slowking|move: Future Sight\n|\n|-heal|p1a: Pecharunt|82\/100|[from] item: Leftovers\n|upkeep\n|turn|8\n|\n|t:|1711931809\n|move|p1a: Pecharunt|Malignant Chain|p2a: Slowking\n|-damage|p2a: Slowking|60\/100\n|-status|p2a: Slowking|tox\n|-start|p2a: Slowking|confusion|[from] ability: Poison Puppeteer|[of] p1a: Pecharunt\n|-activate|p2a: Slowking|confusion\n|move|p2a: Slowking|Chilly Reception|p2a: Slowking\n|-weather|Snow\n|\n|t:|1711931821\n|switch|p2a: Urshifu|Urshifu, M|100\/100|[from] Chilly Reception\n|\n|-weather|Snow|[upkeep]\n|-heal|p1a: Pecharunt|88\/100|[from] item: Leftovers\n|upkeep\n|turn|9\n|\n|t:|1711931830\n|switch|p1a: Milotic|Milotic, M|70\/100 brn\n|-damage|p1a: Milotic|45\/100 brn|[from] Spikes\n|move|p2a: Urshifu|Wicked Blow|p1a: Milotic\n|-crit|p1a: Milotic\n|-damage|p1a: Milotic|0 fnt\n|faint|p1a: Milotic\n|\n|-weather|Snow|[upkeep]\n|-hint|Future Sight did not hit because the target is fainted.\n|upkeep\n|\n|t:|1711931836\n|switch|p1a: Hatterene|Hatterene, F|100\/100\n|-damage|p1a: Hatterene|75\/100|[from] Spikes\n|turn|10\n|\n|t:|1711931839\n|move|p2a: Urshifu|Wicked Blow|p1a: Hatterene\n|-crit|p1a: Hatterene\n|-damage|p1a: Hatterene|0 fnt\n|faint|p1a: Hatterene\n|\n|-weather|Snow|[upkeep]\n|upkeep\n|\n|t:|1711931852\n|switch|p1a: Pecharunt|Pecharunt|88\/100\n|-damage|p1a: Pecharunt|63\/100|[from] Spikes\n|turn|11\n|\n|t:|1711931854\n|-terastallize|p1a: Pecharunt|Fairy\n|move|p2a: Urshifu|Wicked Blow|p1a: Pecharunt\n|-resisted|p1a: Pecharunt\n|-crit|p1a: Pecharunt\n|-damage|p1a: Pecharunt|40\/100\n|move|p1a: Pecharunt|Malignant Chain|p2a: Urshifu\n|-damage|p2a: Urshifu|57\/100\n|-status|p2a: Urshifu|tox\n|-start|p2a: Urshifu|confusion|[from] ability: Poison Puppeteer|[of] p1a: Pecharunt\n|\n|-weather|Snow|[upkeep]\n|-heal|p1a: Pecharunt|46\/100|[from] item: Leftovers\n|-damage|p2a: Urshifu|51\/100 tox|[from] psn\n|upkeep\n|turn|12\n|\n|t:|1711931863\n|switch|p2a: Skarmory|Skarmory, F|67\/100\n|move|p1a: Pecharunt|Recover|p1a: Pecharunt\n|-heal|p1a: Pecharunt|96\/100\n|\n|-weather|none\n|-heal|p1a: Pecharunt|100\/100|[from] item: Leftovers\n|upkeep\n|turn|13\n|\n|t:|1711931866\n|move|p1a: Pecharunt|Nasty Plot|p1a: Pecharunt\n|-boost|p1a: Pecharunt|spa|2\n|move|p2a: Skarmory|Whirlwind|p1a: Pecharunt\n|drag|p1a: Zacian|Zacian-Crowned|100\/100\n|-damage|p1a: Zacian|76\/100|[from] Spikes\n|-ability|p1a: Zacian|Intrepid Sword|boost\n|-boost|p1a: Zacian|atk|1\n|\n|upkeep\n|turn|14\n|\n|t:|1711931875\n|move|p1a: Zacian|Close Combat|p2a: Skarmory\n|-damage|p2a: Skarmory|40\/100\n|-unboost|p1a: Zacian|def|1\n|-unboost|p1a: Zacian|spd|1\n|-damage|p1a: Zacian|59\/100|[from] item: Rocky Helmet|[of] p2a: Skarmory\n|move|p2a: Skarmory|Roost|p2a: Skarmory\n|-heal|p2a: Skarmory|90\/100\n|-singleturn|p2a: Skarmory|move: Roost\n|\n|upkeep\n|turn|15\n|\n|t:|1711931880\n|switch|p1a: Pecharunt|Pecharunt, tera:Fairy|100\/100\n|-damage|p1a: Pecharunt|75\/100|[from] Spikes\n|move|p2a: Skarmory|Whirlwind|p1a: Pecharunt\n|drag|p1a: Glastrier|Glastrier|100\/100\n|\n|upkeep\n|turn|16\n|\n|t:|1711931889\n|move|p1a: Glastrier|Swords Dance|p1a: Glastrier\n|-boost|p1a: Glastrier|atk|2\n|move|p2a: Skarmory|Brave Bird|p1a: Glastrier\n|-damage|p1a: Glastrier|73\/100\n|-damage|p2a: Skarmory|84\/100|[from] Recoil\n|\n|upkeep\n|turn|17\n|\n|t:|1711931897\n|move|p1a: Glastrier|Icicle Crash|p2a: Skarmory\n|-damage|p2a: Skarmory|43\/100\n|cant|p2a: Skarmory|flinch\n|\n|upkeep\n|turn|18\n|\n|t:|1711931904\n|move|p1a: Glastrier|Icicle Crash|p2a: Skarmory\n|-damage|p2a: Skarmory|3\/100\n|cant|p2a: Skarmory|flinch\n|\n|upkeep\n|turn|19\n|c|\u2606Iisacar|serene grace ftw\n|j| MicrowavedFood\n|c|\u2606Kin+ak (\u2727\u2207\u2727)|Ah well he traded secondary efdects\n|c|\u2606Kin+ak (\u2727\u2207\u2727)|With milotic\n|inactive|Kin+ak (\u2727\u2207\u2727) has 120 seconds left.\n|c|\u2606Kin+ak (\u2727\u2207\u2727)|My pokemon are businessmen\n|c|\u2606Iisacar|mmm\n|\n|t:|1711931943\n|move|p1a: Glastrier|Icicle Crash|p2a: Skarmory\n|-damage|p2a: Skarmory|0 fnt\n|faint|p2a: Skarmory\n|-ability|p1a: Glastrier|Chilling Neigh|boost\n|-boost|p1a: Glastrier|atk|1\n|\n|upkeep\n|inactive|Iisacar has 120 seconds left.\n|\n|t:|1711931963\n|switch|p2a: Serperior|Serperior, F|100\/100\n|turn|20\n|\n|t:|1711931968\n|move|p2a: Serperior|Leaf Storm|p1a: Glastrier|[miss]\n|-miss|p2a: Serperior|p1a: Glastrier\n|move|p1a: Glastrier|Icicle Crash|p2a: Serperior\n|-supereffective|p2a: Serperior\n|-damage|p2a: Serperior|0 fnt\n|faint|p2a: Serperior\n|-ability|p1a: Glastrier|Chilling Neigh|boost\n|-boost|p1a: Glastrier|atk|1\n|\n|upkeep\n|inactive|Iisacar has 120 seconds left.\n|\n|t:|1711931979\n|switch|p2a: Slowking|Slowking, F|93\/100 tox\n|turn|21\n|c|\u2606Kin+ak (\u2727\u2207\u2727)|Uno reversed\n|c|\u2606Iisacar|I\u2019m definitely cooked now\n|inactive|Iisacar has 120 seconds left.\n|\n|t:|1711931997\n|move|p1a: Glastrier|High Horsepower|p2a: Slowking\n|-damage|p2a: Slowking|19\/100 tox\n|move|p2a: Slowking|Scald|p1a: Glastrier\n|-damage|p1a: Glastrier|46\/100\n|\n|-damage|p2a: Slowking|13\/100 tox|[from] psn\n|upkeep\n|turn|22\n|\n|t:|1711932003\n|move|p1a: Glastrier|High Horsepower|p2a: Slowking\n|-damage|p2a: Slowking|0 fnt\n|faint|p2a: Slowking\n|-ability|p1a: Glastrier|Chilling Neigh|boost\n|-boost|p1a: Glastrier|atk|1\n|\n|upkeep\n|\n|t:|1711932010\n|switch|p2a: Urshifu|Urshifu, M|51\/100 tox\n|turn|23\n|inactive|Iisacar has 120 seconds left.\n|inactive|Kin+ak (\u2727\u2207\u2727) has 120 seconds left.\n|\n|t:|1711932045\n|-terastallize|p2a: Urshifu|Dark\n|move|p2a: Urshifu|Sucker Punch|p1a: Glastrier\n|-damage|p1a: Glastrier|0 fnt\n|faint|p1a: Glastrier\n|\n|-damage|p2a: Urshifu|45\/100 tox|[from] psn\n|upkeep\n|\n|t:|1711932048\n|switch|p1a: Talonflame|Talonflame, F|100\/100\n|turn|24\n|inactive|Iisacar has 120 seconds left.\n|\n|t:|1711932062\n|switch|p2a: Eternatus|Eternatus|100\/100\n|-ability|p2a: Eternatus|Pressure\n|move|p1a: Talonflame|Swords Dance|p1a: Talonflame\n|-boost|p1a: Talonflame|atk|2\n|\n|upkeep\n|turn|25\n|inactive|Iisacar has 120 seconds left.\n|\n|t:|1711932067\n|move|p1a: Talonflame|Acrobatics|p2a: Eternatus\n|-damage|p2a: Eternatus|14\/100\n|move|p2a: Eternatus|Dynamax Cannon|p1a: Talonflame\n|-damage|p1a: Talonflame|15\/100\n|\n|upkeep\n|turn|26\n|\n|t:|1711932073\n|move|p1a: Talonflame|Acrobatics|p2a: Eternatus\n|-damage|p2a: Eternatus|0 fnt\n|faint|p2a: Eternatus\n|\n|upkeep\n|\n|t:|1711932076\n|switch|p2a: Urshifu|Urshifu, M, tera:Dark|45\/100 tox\n|turn|27\n|\n|t:|1711932083\n|move|p2a: Urshifu|Wicked Blow|p1a: Talonflame\n|-crit|p1a: Talonflame\n|-damage|p1a: Talonflame|0 fnt\n|faint|p1a: Talonflame\n|\n|-damage|p2a: Urshifu|39\/100 tox|[from] psn\n|upkeep\n|\n|t:|1711932085\n|switch|p1a: Pecharunt|Pecharunt, tera:Fairy|75\/100\n|-damage|p1a: Pecharunt|50\/100|[from] Spikes\n|turn|28\n|\n|t:|1711932098\n|switch|p2a: Iron Treads|Iron Treads|100\/100\n|move|p1a: Pecharunt|Recover|p1a: Pecharunt\n|-heal|p1a: Pecharunt|100\/100\n|\n|upkeep\n|turn|29\n|\n|t:|1711932106\n|switch|p1a: Zacian|Zacian-Crowned|59\/100\n|-damage|p1a: Zacian|34\/100|[from] Spikes\n|move|p2a: Iron Treads|Knock Off|p1a: Zacian\n|-resisted|p1a: Zacian\n|-damage|p1a: Zacian|26\/100\n|\n|upkeep\n|turn|30\n|c|\u2606Iisacar|I should\u2019ve spinned\n|\n|t:|1711932118\n|move|p1a: Zacian|Close Combat|p2a: Iron Treads\n|-supereffective|p2a: Iron Treads\n|-crit|p2a: Iron Treads\n|-damage|p2a: Iron Treads|0 fnt\n|-unboost|p1a: Zacian|def|1\n|-unboost|p1a: Zacian|spd|1\n|faint|p2a: Iron Treads\n|-end|p2a: Iron Treads|Quark Drive|[silent]\n|\n|upkeep\n|\n|t:|1711932121\n|switch|p2a: Urshifu|Urshifu, M, tera:Dark|39\/100 tox\n|turn|31\n|\n|t:|1711932124\n|move|p2a: Urshifu|Sucker Punch|p1a: Zacian\n|-resisted|p1a: Zacian\n|-damage|p1a: Zacian|0 fnt\n|faint|p1a: Zacian\n|\n|-damage|p2a: Urshifu|33\/100 tox|[from] psn\n|upkeep\n|c|\u2606Iisacar|gg\n|\n|t:|1711932126\n|switch|p1a: Pecharunt|Pecharunt, tera:Fairy|100\/100\n|-damage|p1a: Pecharunt|75\/100|[from] Spikes\n|turn|32\n|\n|t:|1711932129\n|move|p2a: Urshifu|Sucker Punch|p1a: Pecharunt\n|-resisted|p1a: Pecharunt\n|-damage|p1a: Pecharunt|55\/100\n|move|p1a: Pecharunt|Malignant Chain|p2a: Urshifu\n|-damage|p2a: Urshifu|0 fnt\n|faint|p2a: Urshifu\n|\n|win|Kin+ak (\u2727\u2207\u2727)\n|n|\u2606Kin+ak (\u2727\u2207\u2727)|kinak\n|n|\u2606Iisacar|iisacar\n|n| MicrowavedFood|microwavedfood\n|l|\u2606Iisacar\n|player|p2|\n|l|\u2606Kin+ak (\u2727\u2207\u2727)\n|player|p1|\n","uploadtime":1711933030,"views":1,"formatid":"gen9godlygift","rating":null,"private":0,"password":null}