{"id":"gen9godlygift-2092760466","format":"[Gen 9] Godly Gift","players":["whaud","stallingtest123"],"log":"|j|\u2606whaud\n|j|\u2606stallingtest123\n|t:|1711859522\n|gametype|singles\n|player|p1|whaud|alain|1106\n|player|p2|stallingtest123|miku-flying|1419\n|teamsize|p1|6\n|teamsize|p2|6\n|gen|9\n|tier|[Gen 9] Godly Gift\n|rated|\n|rule|Species Clause: Limit one of each Pok\u00e9mon\n|rule|OHKO Clause: OHKO moves are banned\n|rule|Evasion Moves Clause: Evasion moves are banned\n|rule|Endless Battle Clause: Forcing endless battles is banned\n|rule|HP Percentage Mod: HP is shown in percentages\n|rule|Sleep Moves Clause: Sleep-inducing moves are banned\n|clearpoke\n|poke|p1|Skarmory, F|\n|poke|p1|Cinccino, M|\n|poke|p1|Clodsire, M|\n|poke|p1|Dragapult, M|\n|poke|p1|Great Tusk|\n|poke|p1|Kyurem-White|\n|poke|p2|Skarmory, F|\n|poke|p2|Giratina|\n|poke|p2|Clodsire, F|\n|poke|p2|Clefable, F|\n|poke|p2|Alomomola, M|\n|poke|p2|Skeledirge, F|\n|teampreview\n|inactive|Battle timer is ON: inactive players will automatically lose when time's up. (requested by stallingtest123)\n|\n|t:|1711859535\n|start\n|switch|p1a: Great Tusk|Great Tusk|100\/100\n|switch|p2a: Clefable|Clefable, F|100\/100\n|turn|1\n|\n|t:|1711859539\n|move|p1a: Great Tusk|Knock Off|p2a: Clefable\n|-resisted|p2a: Clefable\n|-damage|p2a: Clefable|86\/100\n|-enditem|p2a: Clefable|Leftovers|[from] move: Knock Off|[of] p1a: Great Tusk\n|move|p2a: Clefable|Stealth Rock|p1a: Great Tusk\n|-sidestart|p1: whaud|move: Stealth Rock\n|\n|upkeep\n|turn|2\n|\n|t:|1711859543\n|move|p1a: Great Tusk|Rapid Spin|p2a: Clefable\n|-damage|p2a: Clefable|73\/100\n|-boost|p1a: Great Tusk|spe|1\n|-sideend|p1: whaud|Stealth Rock|[from] move: Rapid Spin|[of] p1a: Great Tusk\n|move|p2a: Clefable|Knock Off|p1a: Great Tusk\n|-resisted|p1a: Great Tusk\n|-damage|p1a: Great Tusk|96\/100\n|-enditem|p1a: Great Tusk|Assault Vest|[from] move: Knock Off|[of] p2a: Clefable\n|\n|upkeep\n|turn|3\n|\n|t:|1711859553\n|-end|p1a: Great Tusk|Protosynthesis|[silent]\n|switch|p1a: Skarmory|Skarmory, F|100\/100\n|move|p2a: Clefable|Stealth Rock|p1a: Skarmory\n|-sidestart|p1: whaud|move: Stealth Rock\n|\n|upkeep\n|turn|4\n|\n|t:|1711859555\n|move|p1a: Skarmory|Spikes|p2a: Clefable\n|-sidestart|p2: stallingtest123|Spikes\n|move|p2a: Clefable|Knock Off|p1a: Skarmory\n|-damage|p1a: Skarmory|93\/100\n|-enditem|p1a: Skarmory|Rocky Helmet|[from] move: Knock Off|[of] p2a: Clefable\n|\n|upkeep\n|turn|5\n|\n|t:|1711859558\n|switch|p2a: Skarmory|Skarmory, F, shiny|100\/100\n|move|p1a: Skarmory|Spikes|p2a: Skarmory\n|-sidestart|p2: stallingtest123|Spikes\n|\n|upkeep\n|turn|6\n|\n|t:|1711859560\n|move|p2a: Skarmory|Spikes|p1a: Skarmory\n|-sidestart|p1: whaud|Spikes\n|move|p1a: Skarmory|Whirlwind|p2a: Skarmory\n|drag|p2a: Giratina|Giratina|100\/100\n|-ability|p2a: Giratina|Pressure\n|\n|upkeep\n|turn|7\n|\n|t:|1711859564\n|move|p2a: Giratina|Will-O-Wisp|p1a: Skarmory\n|-status|p1a: Skarmory|brn\n|move|p1a: Skarmory|Spikes|p2a: Giratina\n|-sidestart|p2: stallingtest123|Spikes\n|\n|-damage|p1a: Skarmory|87\/100 brn|[from] brn\n|upkeep\n|turn|8\n|\n|t:|1711859569\n|switch|p1a: Clodsire|Clodsire, M|100\/100\n|-damage|p1a: Clodsire|94\/100|[from] Stealth Rock\n|-damage|p1a: Clodsire|82\/100|[from] Spikes\n|move|p2a: Giratina|Will-O-Wisp|p1a: Clodsire\n|-status|p1a: Clodsire|brn\n|\n|-heal|p1a: Clodsire|88\/100 brn|[from] item: Leftovers\n|-damage|p1a: Clodsire|82\/100 brn|[from] brn\n|upkeep\n|turn|9\n|\n|t:|1711859572\n|switch|p2a: Skarmory|Skarmory, F, shiny|100\/100\n|move|p1a: Clodsire|Stealth Rock|p2a: Skarmory\n|-sidestart|p2: stallingtest123|move: Stealth Rock\n|\n|-heal|p1a: Clodsire|88\/100 brn|[from] item: Leftovers\n|-damage|p1a: Clodsire|82\/100 brn|[from] brn\n|upkeep\n|turn|10\n|\n|t:|1711859579\n|switch|p1a: Skarmory|Skarmory, F|87\/100 brn\n|-damage|p1a: Skarmory|75\/100 brn|[from] Stealth Rock\n|move|p2a: Skarmory|Spikes|p1a: Skarmory\n|-sidestart|p1: whaud|Spikes\n|\n|-damage|p1a: Skarmory|69\/100 brn|[from] brn\n|upkeep\n|turn|11\n|\n|t:|1711859582\n|move|p2a: Skarmory|Spikes|p1a: Skarmory\n|-sidestart|p1: whaud|Spikes\n|move|p1a: Skarmory|Whirlwind|p2a: Skarmory\n|drag|p2a: Skeledirge|Skeledirge, F|100\/100\n|\n|-damage|p1a: Skarmory|63\/100 brn|[from] brn\n|upkeep\n|turn|12\n|\n|t:|1711859585\n|move|p2a: Skeledirge|Torch Song|p1a: Skarmory\n|-supereffective|p1a: Skarmory\n|-damage|p1a: Skarmory|4\/100 brn\n|-boost|p2a: Skeledirge|spa|1\n|move|p1a: Skarmory|Roost|p1a: Skarmory\n|-heal|p1a: Skarmory|54\/100 brn\n|-singleturn|p1a: Skarmory|move: Roost\n|\n|-damage|p1a: Skarmory|48\/100 brn|[from] brn\n|upkeep\n|turn|13\n|\n|t:|1711859588\n|move|p2a: Skeledirge|Torch Song|p1a: Skarmory\n|-supereffective|p1a: Skarmory\n|-damage|p1a: Skarmory|0 fnt\n|-boost|p2a: Skeledirge|spa|1\n|faint|p1a: Skarmory\n|\n|upkeep\n|\n|t:|1711859591\n|switch|p1a: Clodsire|Clodsire, M|82\/100 brn\n|-damage|p1a: Clodsire|75\/100 brn|[from] Stealth Rock\n|-damage|p1a: Clodsire|50\/100 brn|[from] Spikes\n|turn|14\n|\n|t:|1711859608\n|switch|p2a: Clefable|Clefable, F|73\/100\n|move|p1a: Clodsire|Toxic|p2a: Clefable\n|-status|p2a: Clefable|tox\n|\n|-heal|p1a: Clodsire|57\/100 brn|[from] item: Leftovers\n|-damage|p1a: Clodsire|50\/100 brn|[from] brn\n|upkeep\n|turn|15\n|\n|t:|1711859614\n|move|p2a: Clefable|Knock Off|p1a: Clodsire\n|-damage|p1a: Clodsire|39\/100 brn\n|-enditem|p1a: Clodsire|Leftovers|[from] move: Knock Off|[of] p2a: Clefable\n|move|p1a: Clodsire|Recover|p1a: Clodsire\n|-heal|p1a: Clodsire|89\/100 brn\n|\n|-damage|p1a: Clodsire|83\/100 brn|[from] brn\n|upkeep\n|turn|16\n|\n|t:|1711859616\n|switch|p1a: Great Tusk|Great Tusk|96\/100\n|-damage|p1a: Great Tusk|93\/100|[from] Stealth Rock\n|-damage|p1a: Great Tusk|68\/100|[from] Spikes\n|move|p2a: Clefable|Moonblast|p1a: Great Tusk\n|-supereffective|p1a: Great Tusk\n|-damage|p1a: Great Tusk|19\/100\n|\n|upkeep\n|turn|17\n|\n|t:|1711859619\n|switch|p2a: Giratina|Giratina|100\/100\n|-ability|p2a: Giratina|Pressure\n|move|p1a: Great Tusk|Rapid Spin|p2a: Giratina\n|-immune|p2a: Giratina\n|\n|upkeep\n|turn|18\n|\n|t:|1711859621\n|move|p2a: Giratina|Will-O-Wisp|p1a: Great Tusk\n|-status|p1a: Great Tusk|brn\n|move|p1a: Great Tusk|Knock Off|p2a: Giratina\n|-supereffective|p2a: Giratina\n|-damage|p2a: Giratina|84\/100\n|-enditem|p2a: Giratina|Heavy-Duty Boots|[from] move: Knock Off|[of] p1a: Great Tusk\n|\n|-damage|p1a: Great Tusk|13\/100 brn|[from] brn\n|upkeep\n|turn|19\n|\n|t:|1711859623\n|move|p2a: Giratina|Will-O-Wisp|p1a: Great Tusk\n|-fail|p1a: Great Tusk|brn\n|move|p1a: Great Tusk|Earthquake|p2a: Giratina\n|-damage|p2a: Giratina|72\/100\n|\n|-damage|p1a: Great Tusk|7\/100 brn|[from] brn\n|upkeep\n|turn|20\n|\n|t:|1711859626\n|move|p2a: Giratina|Will-O-Wisp|p1a: Great Tusk\n|-fail|p1a: Great Tusk|brn\n|move|p1a: Great Tusk|Earthquake|p2a: Giratina\n|-damage|p2a: Giratina|60\/100\n|\n|-damage|p1a: Great Tusk|0 fnt|[from] brn\n|faint|p1a: Great Tusk\n|-end|p1a: Great Tusk|Protosynthesis|[silent]\n|upkeep\n|\n|t:|1711859627\n|switch|p1a: Kyurem|Kyurem-White|100\/100\n|-damage|p1a: Kyurem|76\/100|[from] Stealth Rock\n|-damage|p1a: Kyurem|51\/100|[from] Spikes\n|-ability|p1a: Kyurem|Turboblaze\n|turn|21\n|\n|t:|1711859631\n|move|p1a: Kyurem|Ice Beam|p2a: Giratina\n|-supereffective|p2a: Giratina\n|-damage|p2a: Giratina|0 fnt\n|faint|p2a: Giratina\n|-damage|p1a: Kyurem|41\/100|[from] item: Life Orb\n|\n|upkeep\n|\n|t:|1711859637\n|switch|p2a: Alomomola|Alomomola, M|100\/100\n|turn|22\n|\n|t:|1711859641\n|move|p1a: Kyurem|Draco Meteor|p2a: Alomomola\n|-damage|p2a: Alomomola|56\/100\n|-unboost|p1a: Kyurem|spa|2\n|-damage|p1a: Kyurem|31\/100|[from] item: Life Orb\n|move|p2a: Alomomola|Flip Turn|p1a: Kyurem\n|-resisted|p1a: Kyurem\n|-damage|p1a: Kyurem|22\/100\n|\n|t:|1711859644\n|switch|p2a: Clefable|Clefable, F|73\/100 tox|[from] Flip Turn\n|\n|upkeep\n|turn|23\n|\n|t:|1711859648\n|move|p1a: Kyurem|Fusion Flare|p2a: Clefable\n|-damage|p2a: Clefable|46\/100 tox\n|-damage|p1a: Kyurem|13\/100|[from] item: Life Orb\n|move|p2a: Clefable|Moonblast|p1a: Kyurem\n|-supereffective|p1a: Kyurem\n|-damage|p1a: Kyurem|0 fnt\n|faint|p1a: Kyurem\n|\n|upkeep\n|\n|t:|1711859652\n|switch|p1a: Cinccino|Cinccino, M|100\/100\n|-damage|p1a: Cinccino|88\/100|[from] Stealth Rock\n|-damage|p1a: Cinccino|63\/100|[from] Spikes\n|turn|24\n|\n|t:|1711859659\n|switch|p2a: Skarmory|Skarmory, F, shiny|100\/100\n|-damage|p2a: Skarmory|88\/100|[from] Stealth Rock\n|move|p1a: Cinccino|Tidy Up|p1a: Cinccino\n|-sideend|p1: whaud|Spikes\n|-sideend|p1: whaud|Stealth Rock\n|-sideend|p2: stallingtest123|Spikes\n|-sideend|p2: stallingtest123|Stealth Rock\n|-activate|p1a: Cinccino|move: Tidy Up\n|-boost|p1a: Cinccino|atk|1\n|-boost|p1a: Cinccino|spe|1\n|\n|upkeep\n|turn|25\n|\n|t:|1711859663\n|move|p1a: Cinccino|Rock Blast|p2a: Skarmory\n|-damage|p2a: Skarmory|81\/100\n|-damage|p2a: Skarmory|74\/100\n|-damage|p2a: Skarmory|67\/100\n|-damage|p2a: Skarmory|59\/100\n|-hitcount|p2a: Skarmory|4\n|move|p2a: Skarmory|Body Press|p1a: Cinccino\n|-supereffective|p1a: Cinccino\n|-damage|p1a: Cinccino|0 fnt\n|faint|p1a: Cinccino\n|\n|upkeep\n|\n|t:|1711859666\n|switch|p1a: Dragapult|Dragapult, M|100\/100\n|turn|26\n|\n|t:|1711859669\n|switch|p2a: Alomomola|Alomomola, M|89\/100\n|move|p1a: Dragapult|Thunderbolt|p2a: Alomomola\n|-supereffective|p2a: Alomomola\n|-damage|p2a: Alomomola|43\/100\n|\n|upkeep\n|turn|27\n|j| oceanRmarex\n|\n|t:|1711859676\n|-terastallize|p2a: Alomomola|Dark\n|move|p1a: Dragapult|Thunderbolt|p2a: Alomomola\n|-damage|p2a: Alomomola|21\/100\n|move|p2a: Alomomola|Wish|p2a: Alomomola\n|\n|upkeep\n|turn|28\n|\n|t:|1711859678\n|move|p2a: Alomomola|Protect|p2a: Alomomola\n|-singleturn|p2a: Alomomola|Protect\n|move|p1a: Dragapult|Thunderbolt|p2a: Alomomola\n|-activate|p2a: Alomomola|move: Protect\n|\n|-heal|p2a: Alomomola|71\/100|[from] move: Wish|[wisher] Alomomola\n|upkeep\n|turn|29\n|l| oceanRmarex\n|\n|t:|1711859689\n|switch|p2a: Skeledirge|Skeledirge, F|100\/100\n|move|p1a: Dragapult|Thunderbolt|p2a: Skeledirge\n|-damage|p2a: Skeledirge|59\/100\n|\n|upkeep\n|turn|30\n|-message|whaud forfeited.\n|\n|win|stallingtest123\n|raw|whaud's rating: 1106 &rarr; <strong>1099<\/strong><br \/>(-7 for losing)\n|raw|stallingtest123's rating: 1419 &rarr; <strong>1425<\/strong><br \/>(+6 for winning)\n|l|\u2606whaud\n|player|p1|\n","uploadtime":1711859710,"views":5,"formatid":"gen9godlygift","rating":1099,"private":0,"password":null}