|j|☆Kin+ak (✧∇✧)
|j|☆cat42
|inactive|Battle timer is ON: inactive players will automatically lose when time's up.
|t:|1711931149
|gametype|singles
|player|p1|Kin+ak (✧∇✧)|wally|
|player|p2|cat42|miku-ground|
|teamsize|p1|6
|teamsize|p2|6
|gen|9
|tier|[Gen 9] Godly Gift
|rated|Tournament battle
|rule|Species Clause: Limit one of each Pokémon
|rule|OHKO Clause: OHKO moves are banned
|rule|Evasion Moves Clause: Evasion moves are banned
|rule|Endless Battle Clause: Forcing endless battles is banned
|rule|HP Percentage Mod: HP is shown in percentages
|rule|Sleep Moves Clause: Sleep-inducing moves are banned
|clearpoke
|poke|p1|Hatterene, F|
|poke|p1|Talonflame, F|
|poke|p1|Milotic, M|
|poke|p1|Zacian-*|
|poke|p1|Pecharunt|
|poke|p1|Glastrier|
|poke|p2|Glimmora, M|
|poke|p2|Blaziken, F|
|poke|p2|Roaring Moon|
|poke|p2|Gouging Fire|
|poke|p2|Great Tusk|
|poke|p2|Calyrex-Ice|
|teampreview
|inactive|cat42 also wants the timer to be on.
|
|t:|1711931163
|start
|switch|p1a: Hatterene|Hatterene, F|100/100
|switch|p2a: Glimmora|Glimmora, M|100/100
|turn|1
|
|t:|1711931175
|move|p2a: Glimmora|Mortal Spin|p1a: Hatterene
|-supereffective|p1a: Hatterene
|-damage|p1a: Hatterene|89/100
|-status|p1a: Hatterene|psn
|move|p1a: Hatterene|Psyshock|p2a: Glimmora
|-supereffective|p2a: Glimmora
|-damage|p2a: Glimmora|3/100
|
|-heal|p1a: Hatterene|95/100 psn|[from] item: Leftovers
|-damage|p1a: Hatterene|83/100 psn|[from] psn
|upkeep
|turn|2
|
|t:|1711931191
|switch|p2a: Calyrex|Calyrex-Ice|100/100
|-ability|p2a: Calyrex|As One
|-ability|p2a: Calyrex|Unnerve
|move|p1a: Hatterene|Draining Kiss|p2a: Calyrex
|-damage|p2a: Calyrex|80/100
|-heal|p1a: Hatterene|99/100 psn|[from] drain|[of] p2a: Calyrex
|
|-heal|p1a: Hatterene|100/100 psn|[from] item: Leftovers
|-damage|p1a: Hatterene|88/100 psn|[from] psn
|upkeep
|turn|3
|inactive|Kin+ak (✧∇✧) has 120 seconds left.
|
|t:|1711931246
|move|p2a: Calyrex|Glacial Lance|p1a: Hatterene
|-damage|p1a: Hatterene|12/100 psn
|move|p1a: Hatterene|Calm Mind|p1a: Hatterene
|-boost|p1a: Hatterene|spa|1
|-boost|p1a: Hatterene|spd|1
|
|-heal|p1a: Hatterene|18/100 psn|[from] item: Leftovers
|-damage|p1a: Hatterene|6/100 psn|[from] psn
|upkeep
|turn|4
|
|t:|1711931253
|move|p1a: Hatterene|Mystical Fire|p2a: Calyrex
|-supereffective|p2a: Calyrex
|-damage|p2a: Calyrex|25/100
|-unboost|p2a: Calyrex|spa|1
|-enditem|p2a: Calyrex|Weakness Policy
|-boost|p2a: Calyrex|atk|2|[from] item: Weakness Policy
|-boost|p2a: Calyrex|spa|2|[from] item: Weakness Policy
|move|p2a: Calyrex|High Horsepower|p1a: Hatterene
|-damage|p1a: Hatterene|0 fnt
|faint|p1a: Hatterene
|-ability|p2a: Calyrex|Chilling Neigh|boost
|-boost|p2a: Calyrex|atk|1
|
|upkeep
|
|t:|1711931267
|switch|p1a: Zacian|Zacian-Crowned|100/100
|-ability|p1a: Zacian|Intrepid Sword|boost
|-boost|p1a: Zacian|atk|1
|turn|5
|
|t:|1711931273
|switch|p2a: Glimmora|Glimmora, M|3/100
|move|p1a: Zacian|Behemoth Blade|p2a: Glimmora
|-supereffective|p2a: Glimmora
|-damage|p2a: Glimmora|0 fnt
|-activate|p2a: Glimmora|ability: Toxic Debris
|-sidestart|p1: Kin+ak (✧∇✧)|move: Toxic Spikes
|faint|p2a: Glimmora
|
|upkeep
|
|t:|1711931277
|switch|p2a: Blaziken|Blaziken, F|100/100
|turn|6
|j|%Gimmickyasitgets
|
|t:|1711931280
|move|p2a: Blaziken|Protect|p2a: Blaziken
|-singleturn|p2a: Blaziken|Protect
|move|p1a: Zacian|Swords Dance|p1a: Zacian
|-boost|p1a: Zacian|atk|2
|
|-ability|p2a: Blaziken|Speed Boost|boost
|-boost|p2a: Blaziken|spe|1
|upkeep
|turn|7
|
|t:|1711931292
|move|p2a: Blaziken|Protect||[still]
|-fail|p2a: Blaziken
|move|p1a: Zacian|Play Rough|p2a: Blaziken
|-crit|p2a: Blaziken
|-damage|p2a: Blaziken|0 fnt
|faint|p2a: Blaziken
|
|upkeep
|c|%Gimmickyasitgets|deserved
|l|%Gimmickyasitgets
|c|☆cat42|:(
|
|t:|1711931305
|switch|p2a: Great Tusk|Great Tusk|100/100
|-enditem|p2a: Great Tusk|Booster Energy
|-activate|p2a: Great Tusk|ability: Protosynthesis|[fromitem]
|-start|p2a: Great Tusk|protosynthesisatk
|turn|8
|c|☆Kin+ak (✧∇✧)|Lmao
|
|t:|1711931313
|-terastallize|p2a: Great Tusk|Fairy
|move|p1a: Zacian|Behemoth Blade|p2a: Great Tusk
|-supereffective|p2a: Great Tusk
|-damage|p2a: Great Tusk|0 fnt
|faint|p2a: Great Tusk
|-end|p2a: Great Tusk|Protosynthesis|[silent]
|
|upkeep
|-message|cat42 forfeited.
|
|win|Kin+ak (✧∇✧)
|n|☆Kin+ak (✧∇✧)|kinak
|n|☆cat42|cat42
|l|☆cat42
|player|p2|
|c|☆Kin+ak (✧∇✧)|HA
