|j|☆BlazikenshouldbeOU
|j|☆stallingtest123
|t:|1711942492
|gametype|singles
|player|p1|BlazikenshouldbeOU|lance|1057
|player|p2|stallingtest123|miku-flying|1463
|teamsize|p1|6
|teamsize|p2|6
|gen|9
|tier|[Gen 9] Godly Gift
|rated|
|rule|Species Clause: Limit one of each Pokémon
|rule|OHKO Clause: OHKO moves are banned
|rule|Evasion Moves Clause: Evasion moves are banned
|rule|Endless Battle Clause: Forcing endless battles is banned
|rule|HP Percentage Mod: HP is shown in percentages
|rule|Sleep Moves Clause: Sleep-inducing moves are banned
|clearpoke
|poke|p1|Sinistcha|
|poke|p1|Dragapult, M|
|poke|p1|Landorus-Therian, M|
|poke|p1|Serperior, M|
|poke|p1|Slowking-Galar, M|
|poke|p1|Calyrex-Ice|
|poke|p2|Skarmory, F|
|poke|p2|Giratina|
|poke|p2|Clodsire, F|
|poke|p2|Clefable, F|
|poke|p2|Alomomola, M|
|poke|p2|Skeledirge, M|
|teampreview
|inactive|Battle timer is ON: inactive players will automatically lose when time's up. (requested by stallingtest123)
|
|t:|1711942515
|start
|switch|p1a: Slowking|Slowking-Galar, M|100/100
|switch|p2a: Clefable|Clefable, F, shiny|100/100
|turn|1
|
|t:|1711942521
|move|p2a: Clefable|Stealth Rock|p1a: Slowking
|-sidestart|p1: BlazikenshouldbeOU|move: Stealth Rock
|move|p1a: Slowking|Future Sight|p2a: Clefable
|-start|p1a: Slowking|move: Future Sight
|
|upkeep
|turn|2
|
|t:|1711942525
|move|p2a: Clefable|Knock Off|p1a: Slowking
|-supereffective|p1a: Slowking
|-damage|p1a: Slowking|67/100
|-enditem|p1a: Slowking|Heavy-Duty Boots|[from] move: Knock Off|[of] p2a: Clefable
|move|p1a: Slowking|Sludge Bomb|p2a: Clefable
|-supereffective|p2a: Clefable
|-damage|p2a: Clefable|41/100
|
|-heal|p2a: Clefable|47/100|[from] item: Leftovers
|upkeep
|turn|3
|
|t:|1711942530
|switch|p2a: Alomomola|Alomomola, M, shiny|100/100
|move|p1a: Slowking|Chilly Reception|p1a: Slowking
|-weather|Snow
|
|t:|1711942539
|switch|p1a: Sinistcha|Sinistcha|100/100|[from] Chilly Reception
|-damage|p1a: Sinistcha|88/100|[from] Stealth Rock
|
|-weather|Snow|[upkeep]
|-end|p2a: Alomomola|move: Future Sight
|-damage|p2a: Alomomola|81/100
|-heal|p1a: Sinistcha|94/100|[from] item: Leftovers
|upkeep
|turn|4
|
|t:|1711942552
|switch|p2a: Clodsire|Clodsire, F, shiny|100/100
|move|p1a: Sinistcha|Calm Mind|p1a: Sinistcha
|-boost|p1a: Sinistcha|spa|1
|-boost|p1a: Sinistcha|spd|1
|
|-weather|Snow|[upkeep]
|-heal|p1a: Sinistcha|100/100|[from] item: Leftovers
|upkeep
|turn|5
|
|t:|1711942562
|switch|p1a: Slowking|Slowking-Galar, M|99/100
|-damage|p1a: Slowking|88/100|[from] Stealth Rock
|move|p2a: Clodsire|Poison Jab|p1a: Slowking
|-resisted|p1a: Slowking
|-damage|p1a: Slowking|77/100
|
|-weather|Snow|[upkeep]
|upkeep
|turn|6
|
|t:|1711942569
|switch|p2a: Skarmory|Skarmory, F, shiny|100/100
|move|p1a: Slowking|Chilly Reception|p1a: Slowking
|
|t:|1711942582
|switch|p1a: Landorus|Landorus-Therian, M|100/100|[from] Chilly Reception
|-damage|p1a: Landorus|88/100|[from] Stealth Rock
|-ability|p1a: Landorus|Intimidate|boost
|-unboost|p2a: Skarmory|atk|1
|
|-weather|Snow|[upkeep]
|-heal|p1a: Landorus|94/100|[from] item: Leftovers
|upkeep
|turn|7
|
|t:|1711942586
|move|p1a: Landorus|Taunt|p2a: Skarmory
|-start|p2a: Skarmory|move: Taunt
|cant|p2a: Skarmory|move: Taunt|Spikes
|
|-weather|none
|-heal|p1a: Landorus|99/100|[from] item: Leftovers
|upkeep
|turn|8
|
|t:|1711942597
|switch|p2a: Clefable|Clefable, F, shiny|47/100
|move|p1a: Landorus|Stealth Rock|p2a: Clefable
|-sidestart|p2: stallingtest123|move: Stealth Rock
|
|-heal|p1a: Landorus|100/100|[from] item: Leftovers
|-heal|p2a: Clefable|53/100|[from] item: Leftovers
|upkeep
|turn|9
|
|t:|1711942602
|move|p1a: Landorus|Earthquake|p2a: Clefable
|-damage|p2a: Clefable|11/100
|move|p2a: Clefable|Knock Off|p1a: Landorus
|-damage|p1a: Landorus|90/100
|-enditem|p1a: Landorus|Leftovers|[from] move: Knock Off|[of] p2a: Clefable
|
|-heal|p2a: Clefable|18/100|[from] item: Leftovers
|upkeep
|turn|10
|
|t:|1711942609
|switch|p2a: Giratina|Giratina, shiny|100/100
|-ability|p2a: Giratina|Pressure
|move|p1a: Landorus|Earthquake|p2a: Giratina
|-damage|p2a: Giratina|76/100
|
|upkeep
|turn|11
|
|t:|1711942614
|move|p1a: Landorus|Taunt|p2a: Giratina
|-start|p2a: Giratina|move: Taunt
|cant|p2a: Giratina|move: Taunt|Will-O-Wisp
|
|upkeep
|turn|12
|
|t:|1711942621
|switch|p2a: Alomomola|Alomomola, M, shiny|100/100
|move|p1a: Landorus|U-turn|p2a: Alomomola
|-damage|p2a: Alomomola|79/100
|
|t:|1711942626
|switch|p1a: Serperior|Serperior, M|100/100|[from] U-turn
|-damage|p1a: Serperior|88/100|[from] Stealth Rock
|
|-heal|p1a: Serperior|94/100|[from] item: Leftovers
|upkeep
|turn|13
|
|t:|1711942637
|switch|p2a: Skeledirge|Skeledirge, M, shiny|100/100
|move|p1a: Serperior|Leaf Storm|p2a: Skeledirge
|-resisted|p2a: Skeledirge
|-damage|p2a: Skeledirge|82/100
|-boost|p1a: Serperior|spa|2
|
|-heal|p1a: Serperior|100/100|[from] item: Leftovers
|upkeep
|turn|14
|
|t:|1711942646
|switch|p1a: Dragapult|Dragapult, M|100/100
|-damage|p1a: Dragapult|88/100|[from] Stealth Rock
|move|p2a: Skeledirge|Torch Song|p1a: Dragapult
|-resisted|p1a: Dragapult
|-damage|p1a: Dragapult|67/100
|-boost|p2a: Skeledirge|spa|1
|
|upkeep
|turn|15
|
|t:|1711942656
|switch|p2a: Alomomola|Alomomola, M, shiny|100/100
|move|p1a: Dragapult|Dragon Darts|p2a: Alomomola
|-damage|p2a: Alomomola|68/100
|-anim|p1a: Dragapult|Dragon Darts|p2a: Alomomola
|-damage|p2a: Alomomola|37/100
|-damage|p1a: Dragapult|57/100|[from] item: Life Orb
|
|upkeep
|turn|16
|
|t:|1711942668
|switch|p2a: Clodsire|Clodsire, F, shiny|100/100
|move|p1a: Dragapult|Psychic Fangs|p2a: Clodsire
|-supereffective|p2a: Clodsire
|-damage|p2a: Clodsire|54/100
|-damage|p1a: Dragapult|48/100|[from] item: Life Orb
|
|upkeep
|turn|17
|
|t:|1711942675
|move|p1a: Dragapult|Dragon Darts|p2a: Clodsire
|-damage|p2a: Clodsire|35/100
|-anim|p1a: Dragapult|Dragon Darts|p2a: Clodsire
|-damage|p2a: Clodsire|16/100
|-damage|p1a: Dragapult|38/100|[from] item: Life Orb
|move|p2a: Clodsire|Recover|p2a: Clodsire
|-heal|p2a: Clodsire|66/100
|
|upkeep
|turn|18
|
|t:|1711942690
|move|p1a: Dragapult|Psychic Fangs|p2a: Clodsire
|-supereffective|p2a: Clodsire
|-damage|p2a: Clodsire|19/100
|-damage|p1a: Dragapult|28/100|[from] item: Life Orb
|move|p2a: Clodsire|Recover|p2a: Clodsire
|-heal|p2a: Clodsire|69/100
|
|upkeep
|turn|19
|
|t:|1711942695
|move|p1a: Dragapult|U-turn|p2a: Clodsire
|-resisted|p2a: Clodsire
|-damage|p2a: Clodsire|60/100
|-damage|p1a: Dragapult|18/100|[from] item: Life Orb
|
|t:|1711942699
|switch|p1a: Landorus|Landorus-Therian, M|90/100|[from] U-turn
|-damage|p1a: Landorus|78/100|[from] Stealth Rock
|-ability|p1a: Landorus|Intimidate|boost
|-unboost|p2a: Clodsire|atk|1
|move|p2a: Clodsire|Recover|p2a: Clodsire
|-heal|p2a: Clodsire|100/100
|
|upkeep
|turn|20
|
|t:|1711942707
|switch|p2a: Alomomola|Alomomola, M, shiny|71/100
|move|p1a: Landorus|U-turn|p2a: Alomomola
|-damage|p2a: Alomomola|50/100
|
|t:|1711942714
|switch|p1a: Dragapult|Dragapult, M|18/100|[from] U-turn
|-damage|p1a: Dragapult|6/100|[from] Stealth Rock
|
|upkeep
|turn|21
|
|t:|1711942727
|switch|p2a: Clefable|Clefable, F, shiny|18/100
|move|p1a: Dragapult|Dragon Darts|p2a: Clefable
|-immune|p2a: Clefable
|
|-heal|p2a: Clefable|24/100|[from] item: Leftovers
|upkeep
|turn|22
|
|t:|1711942740
|move|p1a: Dragapult|Psychic Fangs|p2a: Clefable
|-damage|p2a: Clefable|0 fnt
|faint|p2a: Clefable
|-damage|p1a: Dragapult|0 fnt|[from] item: Life Orb
|faint|p1a: Dragapult
|
|upkeep
|
|t:|1711942752
|switch|p1a: Calyrex|Calyrex-Ice|100/100
|switch|p2a: Skeledirge|Skeledirge, M, shiny|82/100
|-ability|p1a: Calyrex|As One
|-ability|p1a: Calyrex|Unnerve
|turn|23
|
|t:|1711942759
|-terastallize|p1a: Calyrex|Ground
|move|p2a: Skeledirge|Will-O-Wisp|p1a: Calyrex
|-status|p1a: Calyrex|brn
|move|p1a: Calyrex|Trick Room|p1a: Calyrex
|-fieldstart|move: Trick Room|[of] p1a: Calyrex
|
|-damage|p1a: Calyrex|94/100 brn|[from] brn
|upkeep
|turn|24
|
|t:|1711942767
|switch|p2a: Skarmory|Skarmory, F, shiny|100/100
|-damage|p2a: Skarmory|88/100|[from] Stealth Rock
|move|p1a: Calyrex|High Horsepower|p2a: Skarmory
|-immune|p2a: Skarmory
|
|-damage|p1a: Calyrex|88/100 brn|[from] brn
|upkeep
|turn|25
|-message|BlazikenshouldbeOU forfeited.
|
|win|stallingtest123
|raw|BlazikenshouldbeOU's rating: 1057 &rarr; <strong>1054</strong><br />(-3 for losing)
|raw|stallingtest123's rating: 1463 &rarr; <strong>1467</strong><br />(+4 for winning)
|l|☆BlazikenshouldbeOU
|player|p1|
