|html|<div class="broadcast-blue"><strong>[Gen 9] Ubers is currently suspecting Last Respects! For information on how to participate check out the <a href="https://www.smogon.com/forums/threads/np-sv-ubers-stage-3-respect.3739544/">suspect thread</a>.</strong></div>
|j|☆FireFlamingo
|j|☆Starmedial
|t:|1711941158
|gametype|singles
|player|p1|FireFlamingo|alder|
|player|p2|Starmedial|dawn|
|teamsize|p1|6
|teamsize|p2|6
|gen|9
|tier|[Gen 9] Ubers
|rule|Sleep Clause Mod: Limit one foe put to sleep
|rule|Species Clause: Limit one of each Pokémon
|rule|OHKO Clause: OHKO moves are banned
|rule|Evasion Items Clause: Evasion items are banned
|rule|Evasion Moves Clause: Evasion moves are banned
|rule|Endless Battle Clause: Forcing endless battles is banned
|rule|HP Percentage Mod: HP is shown in percentages
|clearpoke
|poke|p1|Cinderace, M|
|poke|p1|Incineroar, M|
|poke|p1|Arboliva, F|
|poke|p1|Lucario, F|
|poke|p1|Munkidori, M|
|poke|p1|Enamorus, F|
|poke|p2|Blastoise, F|
|poke|p2|Infernape, M|
|poke|p2|Cresselia, F|
|poke|p2|Avalugg, M|
|poke|p2|Fezandipiti, M|
|poke|p2|Torterra, F|
|teampreview
|c|☆Starmedial|gl
|c|☆FireFlamingo|Glhf!
|
|t:|1711941209
|start
|switch|p1a: Incineroar|Incineroar, M|100/100
|switch|p2a: Avalugg|Avalugg, M|100/100
|-ability|p1a: Incineroar|Intimidate|boost
|-unboost|p2a: Avalugg|atk|1
|turn|1
|
|t:|1711941257
|switch|p2a: Infernape|Infernape, M|100/100
|move|p1a: Incineroar|Will-O-Wisp|p2a: Infernape
|-immune|p2a: Infernape
|
|upkeep
|turn|2
|
|t:|1711941272
|switch|p1a: Enamorus|Enamorus, F|100/100
|move|p2a: Infernape|Rock Slide|p1a: Enamorus
|-supereffective|p1a: Enamorus
|-damage|p1a: Enamorus|46/100
|-enditem|p1a: Enamorus|Weakness Policy
|-boost|p1a: Enamorus|atk|2|[from] item: Weakness Policy
|-boost|p1a: Enamorus|spa|2|[from] item: Weakness Policy
|
|upkeep
|turn|3
|
|t:|1711941286
|move|p2a: Infernape|Rock Slide|p1a: Enamorus
|-supereffective|p1a: Enamorus
|-damage|p1a: Enamorus|0 fnt
|faint|p1a: Enamorus
|
|upkeep
|
|t:|1711941292
|switch|p1a: Incineroar|Incineroar, M|100/100
|-ability|p1a: Incineroar|Intimidate|boost
|-unboost|p2a: Infernape|atk|1
|turn|4
|
|t:|1711941330
|move|p2a: Infernape|Rock Slide|p1a: Incineroar
|-supereffective|p1a: Incineroar
|-damage|p1a: Incineroar|75/100
|move|p1a: Incineroar|Knock Off|p2a: Infernape
|-resisted|p2a: Infernape
|-damage|p2a: Infernape|70/100
|-enditem|p2a: Infernape|Choice Scarf|[from] move: Knock Off|[of] p1a: Incineroar
|
|-heal|p1a: Incineroar|81/100|[from] item: Leftovers
|upkeep
|turn|5
|
|t:|1711941344
|move|p2a: Infernape|Drain Punch|p1a: Incineroar
|-supereffective|p1a: Incineroar
|-damage|p1a: Incineroar|35/100
|-heal|p2a: Infernape|100/100|[from] drain|[of] p1a: Incineroar
|move|p1a: Incineroar|Parting Shot|p2a: Infernape
|-unboost|p2a: Infernape|atk|1
|-unboost|p2a: Infernape|spa|1
|
|t:|1711941349
|switch|p1a: Munkidori|Munkidori, M|100/100|[from] Parting Shot
|
|upkeep
|turn|6
|
|t:|1711941491
|switch|p2a: Torterra|Torterra, F|100/100
|move|p1a: Munkidori|Psychic|p2a: Torterra
|-damage|p2a: Torterra|56/100
|-status|p2a: Torterra|tox|[from] ability: Toxic Chain|[of] p1a: Munkidori
|
|-damage|p2a: Torterra|49/100 tox|[from] psn
|upkeep
|turn|7
|
|t:|1711941535
|-terastallize|p2a: Torterra|Rock
|move|p1a: Munkidori|Parting Shot|p2a: Torterra
|-unboost|p2a: Torterra|atk|1
|-unboost|p2a: Torterra|spa|1
|
|t:|1711941540
|switch|p1a: Arboliva|Arboliva, F|100/100|[from] Parting Shot
|move|p2a: Torterra|Facade|p1a: Arboliva
|-damage|p1a: Arboliva|56/100
|-fieldstart|move: Grassy Terrain|[from] ability: Seed Sower|[of] p1a: Arboliva
|-enditem|p1a: Arboliva|Grassy Seed
|-boost|p1a: Arboliva|def|1|[from] item: Grassy Seed
|-damage|p2a: Torterra|40/100 tox|[from] item: Life Orb
|
|-heal|p2a: Torterra|46/100 tox|[from] Grassy Terrain
|-heal|p1a: Arboliva|62/100|[from] Grassy Terrain
|-damage|p2a: Torterra|33/100 tox|[from] psn
|upkeep
|turn|8
|
|t:|1711941628
|switch|p2a: Infernape|Infernape, M|100/100
|move|p1a: Arboliva|Strength Sap|p2a: Infernape
|-unboost|p2a: Infernape|atk|1
|-heal|p1a: Arboliva|100/100
|
|upkeep
|turn|9
|
|t:|1711941691
|move|p2a: Infernape|Fire Punch|p1a: Arboliva
|-supereffective|p1a: Arboliva
|-damage|p1a: Arboliva|65/100
|move|p1a: Arboliva|Earth Power|p2a: Infernape
|-supereffective|p2a: Infernape
|-damage|p2a: Infernape|0 fnt
|faint|p2a: Infernape
|
|-heal|p1a: Arboliva|72/100|[from] Grassy Terrain
|upkeep
|
|t:|1711941704
|switch|p2a: Avalugg|Avalugg, M|100/100
|turn|10
|
|t:|1711941710
|move|p1a: Arboliva|Strength Sap|p2a: Avalugg
|-unboost|p2a: Avalugg|atk|1
|-heal|p1a: Arboliva|100/100
|move|p2a: Avalugg|Avalanche|p1a: Arboliva
|-supereffective|p1a: Arboliva
|-damage|p1a: Arboliva|80/100
|
|-heal|p1a: Arboliva|87/100|[from] Grassy Terrain
|upkeep
|turn|11
|
|t:|1711941783
|move|p1a: Arboliva|Giga Drain|p2a: Avalugg
|-damage|p2a: Avalugg|12/100
|-heal|p1a: Arboliva|100/100|[from] drain|[of] p2a: Avalugg
|move|p2a: Avalugg|Mirror Coat|p1a: Arboliva
|-damage|p1a: Arboliva|0 fnt
|faint|p1a: Arboliva
|
|-heal|p2a: Avalugg|18/100|[from] Grassy Terrain
|-heal|p2a: Avalugg|24/100|[from] item: Leftovers
|-fieldend|move: Grassy Terrain
|upkeep
|
|t:|1711941791
|switch|p1a: Cinderace|Cinderace, M|100/100
|turn|12
|
|t:|1711941845
|switch|p2a: Blastoise|Blastoise, F|100/100
|move|p1a: Cinderace|Pyro Ball|p2a: Blastoise
|-resisted|p2a: Blastoise
|-damage|p2a: Blastoise|76/100
|
|-heal|p2a: Blastoise|82/100|[from] item: Leftovers
|upkeep
|turn|13
|
|t:|1711941897
|move|p1a: Cinderace|U-turn|p2a: Blastoise
|-damage|p2a: Blastoise|64/100
|
|t:|1711941900
|switch|p1a: Munkidori|Munkidori, M|100/100|[from] U-turn
|move|p2a: Blastoise|Liquidation|p1a: Munkidori
|-damage|p1a: Munkidori|38/100
|
|-heal|p2a: Blastoise|70/100|[from] item: Leftovers
|upkeep
|turn|14
|
|t:|1711941999
|move|p1a: Munkidori|Fake Out|p2a: Blastoise
|-damage|p2a: Blastoise|62/100
|cant|p2a: Blastoise|flinch
|
|-heal|p2a: Blastoise|68/100|[from] item: Leftovers
|upkeep
|turn|15
|
|t:|1711942047
|move|p1a: Munkidori|Sludge Wave|p2a: Blastoise
|-damage|p2a: Blastoise|24/100
|move|p2a: Blastoise|Liquidation|p1a: Munkidori
|-damage|p1a: Munkidori|0 fnt
|faint|p1a: Munkidori
|
|-heal|p2a: Blastoise|30/100|[from] item: Leftovers
|upkeep
|
|t:|1711942052
|switch|p1a: Lucario|Lucario, F|100/100
|turn|16
|
|t:|1711942156
|switch|p2a: Cresselia|Cresselia, F|100/100
|move|p1a: Lucario|Meteor Mash|p2a: Cresselia|[miss]
|-miss|p1a: Lucario|p2a: Cresselia
|
|upkeep
|turn|17
|
|t:|1711942212
|switch|p1a: Incineroar|Incineroar, M|35/100
|-ability|p1a: Incineroar|Intimidate|boost
|-unboost|p2a: Cresselia|atk|1
|move|p2a: Cresselia|Future Sight|p1a: Incineroar
|-start|p2a: Cresselia|move: Future Sight
|
|-heal|p1a: Incineroar|41/100|[from] item: Leftovers
|upkeep
|turn|18
|
|t:|1711942324
|move|p2a: Cresselia|Reflect|p2a: Cresselia
|-sidestart|p2: Starmedial|Reflect
|move|p1a: Incineroar|Knock Off|p2a: Cresselia
|-supereffective|p2a: Cresselia
|-damage|p2a: Cresselia|63/100
|-enditem|p2a: Cresselia|Heavy-Duty Boots|[from] move: Knock Off|[of] p1a: Incineroar
|
|-heal|p1a: Incineroar|47/100|[from] item: Leftovers
|upkeep
|turn|19
|
|t:|1711942381
|move|p2a: Cresselia|Body Slam|p1a: Incineroar
|-damage|p1a: Incineroar|39/100
|-status|p1a: Incineroar|par
|move|p1a: Incineroar|Knock Off|p2a: Cresselia
|-supereffective|p2a: Cresselia
|-damage|p2a: Cresselia|40/100
|
|-end|p1a: Incineroar|move: Future Sight
|-immune|p1a: Incineroar
|-heal|p1a: Incineroar|45/100 par|[from] item: Leftovers
|upkeep
|turn|20
|
|t:|1711942434
|move|p2a: Cresselia|Dazzling Gleam|p1a: Incineroar
|-damage|p1a: Incineroar|30/100 par
|move|p1a: Incineroar|Knock Off|p2a: Cresselia
|-supereffective|p2a: Cresselia
|-crit|p2a: Cresselia
|-damage|p2a: Cresselia|0 fnt
|faint|p2a: Cresselia
|
|-heal|p1a: Incineroar|37/100 par|[from] item: Leftovers
|upkeep
|
|t:|1711942482
|switch|p2a: Fezandipiti|Fezandipiti, M|100/100
|turn|21
|
|t:|1711942501
|move|p2a: Fezandipiti|Air Slash|p1a: Incineroar
|-damage|p1a: Incineroar|23/100 par
|cant|p1a: Incineroar|par
|
|-heal|p1a: Incineroar|29/100 par|[from] item: Leftovers
|upkeep
|turn|22
|
|t:|1711942519
|move|p2a: Fezandipiti|Alluring Voice|p1a: Incineroar
|-damage|p1a: Incineroar|7/100 par
|move|p1a: Incineroar|Will-O-Wisp|p2a: Fezandipiti
|-status|p2a: Fezandipiti|brn
|
|-heal|p1a: Incineroar|13/100 par|[from] item: Leftovers
|-damage|p2a: Fezandipiti|95/100 brn|[from] brn
|-sideend|p2: Starmedial|Reflect
|upkeep
|turn|23
|
|t:|1711942528
|move|p2a: Fezandipiti|Alluring Voice|p1a: Incineroar
|-damage|p1a: Incineroar|0 fnt
|faint|p1a: Incineroar
|
|-heal|p2a: Fezandipiti|100/100 brn|[from] item: Leftovers
|-damage|p2a: Fezandipiti|95/100 brn|[from] brn
|upkeep
|
|t:|1711942536
|switch|p1a: Cinderace|Cinderace, M|100/100
|turn|24
|
|t:|1711942585
|move|p1a: Cinderace|Pyro Ball|p2a: Fezandipiti
|-damage|p2a: Fezandipiti|37/100 brn
|move|p2a: Fezandipiti|Light Screen|p2a: Fezandipiti
|-sidestart|p2: Starmedial|move: Light Screen
|
|-heal|p2a: Fezandipiti|43/100 brn|[from] item: Leftovers
|-damage|p2a: Fezandipiti|37/100 brn|[from] brn
|upkeep
|turn|25
|
|t:|1711942614
|switch|p2a: Blastoise|Blastoise, F|30/100
|move|p1a: Cinderace|Pyro Ball|p2a: Blastoise
|-resisted|p2a: Blastoise
|-damage|p2a: Blastoise|9/100
|
|-heal|p2a: Blastoise|15/100|[from] item: Leftovers
|upkeep
|turn|26
|
|t:|1711942669
|move|p1a: Cinderace|Pyro Ball|p2a: Blastoise
|-resisted|p2a: Blastoise
|-damage|p2a: Blastoise|0 fnt
|faint|p2a: Blastoise
|
|upkeep
|
|t:|1711942703
|switch|p2a: Avalugg|Avalugg, M|24/100
|turn|27
|
|t:|1711942759
|move|p1a: Cinderace|Pyro Ball|p2a: Avalugg
|-supereffective|p2a: Avalugg
|-damage|p2a: Avalugg|0 fnt
|faint|p2a: Avalugg
|
|upkeep
|
|t:|1711942766
|switch|p2a: Torterra|Torterra, F, tera:Rock|33/100 tox
|turn|28
|
|t:|1711942790
|move|p1a: Cinderace|U-turn|p2a: Torterra
|-damage|p2a: Torterra|19/100 tox
|
|t:|1711942793
|switch|p1a: Lucario|Lucario, F|100/100|[from] U-turn
|move|p2a: Torterra|Earthquake|p1a: Lucario
|-supereffective|p1a: Lucario
|-damage|p1a: Lucario|0 fnt
|faint|p1a: Lucario
|-damage|p2a: Torterra|9/100 tox|[from] item: Life Orb
|
|-damage|p2a: Torterra|3/100 tox|[from] psn
|-sideend|p2: Starmedial|move: Light Screen
|upkeep
|
|t:|1711942798
|switch|p1a: Cinderace|Cinderace, M|100/100
|turn|29
|
|t:|1711942828
|move|p1a: Cinderace|Pyro Ball|p2a: Torterra
|-resisted|p2a: Torterra
|-damage|p2a: Torterra|0 fnt
|faint|p2a: Torterra
|
|upkeep
|
|t:|1711942836
|switch|p2a: Fezandipiti|Fezandipiti, M|37/100 brn
|turn|30
|
|t:|1711942875
|move|p1a: Cinderace|Pyro Ball|p2a: Fezandipiti
|-damage|p2a: Fezandipiti|0 fnt
|faint|p2a: Fezandipiti
|
|win|FireFlamingo
|c|☆FireFlamingo|gg!
