|html|<div class="broadcast-blue"><strong>[Gen 9] Ubers is currently suspecting Last Respects! For information on how to participate check out the <a href="https://www.smogon.com/forums/threads/np-sv-ubers-stage-3-respect.3739544/">suspect thread</a>.</strong></div>
|j|☆holmeslice
|j|☆mysticwatch
|t:|1711940713
|gametype|singles
|player|p1|holmeslice|2|
|player|p2|mysticwatch|gambler|
|teamsize|p1|6
|teamsize|p2|6
|gen|9
|tier|[Gen 9] Ubers
|rule|Sleep Clause Mod: Limit one foe put to sleep
|rule|Species Clause: Limit one of each Pokémon
|rule|OHKO Clause: OHKO moves are banned
|rule|Evasion Items Clause: Evasion items are banned
|rule|Evasion Moves Clause: Evasion moves are banned
|rule|Endless Battle Clause: Forcing endless battles is banned
|rule|HP Percentage Mod: HP is shown in percentages
|clearpoke
|poke|p1|Gouging Fire|
|poke|p1|Iron Bundle|
|poke|p1|Excadrill, F|
|poke|p1|Blissey, F|
|poke|p1|Moltres|
|poke|p1|Dondozo, M|
|poke|p2|Darkrai|
|poke|p2|Garchomp, M|
|poke|p2|Zapdos|
|poke|p2|Registeel|
|poke|p2|Regieleki|
|poke|p2|Sinistcha|
|teampreview
|inactive|Battle timer is ON: inactive players will automatically lose when time's up. (requested by holmeslice)
|inactive|mysticwatch also wants the timer to be on.
|inactive|mysticwatch no longer wants the timer on, but the timer is staying on because holmeslice still does.
|inactiveoff|Battle timer is now OFF.
|
|t:|1711940729
|start
|switch|p1a: Marty McFly|Iron Bundle|100/100
|switch|p2a: Registeel|Registeel|100/100
|turn|1
|
|t:|1711940741
|move|p1a: Marty McFly|Flip Turn|p2a: Registeel
|-damage|p2a: Registeel|91/100
|
|t:|1711940745
|-end|p1a: Marty McFly|Quark Drive|[silent]
|switch|p1a: Tunnels|Excadrill, F|100/100|[from] Flip Turn
|-ability|p1a: Tunnels|Mold Breaker
|move|p2a: Registeel|Stealth Rock|p1a: Tunnels
|-sidestart|p1: holmeslice|move: Stealth Rock
|
|-heal|p2a: Registeel|97/100|[from] item: Leftovers
|upkeep
|turn|2
|
|t:|1711940760
|switch|p2a: Sinistcha|Sinistcha|100/100
|move|p1a: Tunnels|Shadow Claw|p2a: Sinistcha
|-supereffective|p2a: Sinistcha
|-damage|p2a: Sinistcha|64/100
|
|-heal|p2a: Sinistcha|70/100|[from] item: Leftovers
|upkeep
|turn|3
|
|t:|1711940773
|switch|p1a: Big Bird|Moltres|100/100
|move|p2a: Sinistcha|Strength Sap|p1a: Big Bird
|-unboost|p1a: Big Bird|atk|1
|-heal|p2a: Sinistcha|100/100
|
|upkeep
|turn|4
|
|t:|1711940811
|switch|p2a: Zapdos|Zapdos|100/100
|-ability|p2a: Zapdos|Pressure
|move|p1a: Big Bird|Air Slash|p2a: Zapdos
|-resisted|p2a: Zapdos
|-damage|p2a: Zapdos|85/100
|
|upkeep
|turn|5
|
|t:|1711940833
|switch|p1a: Tunnels|Excadrill, F|100/100
|-damage|p1a: Tunnels|97/100|[from] Stealth Rock
|-ability|p1a: Tunnels|Mold Breaker
|move|p2a: Zapdos|Volt Switch|p1a: Tunnels
|-immune|p1a: Tunnels
|
|-heal|p1a: Tunnels|100/100|[from] item: Leftovers
|upkeep
|turn|6
|
|t:|1711940847
|switch|p2a: Sinistcha|Sinistcha|100/100
|move|p1a: Tunnels|Rapid Spin|p2a: Sinistcha
|-immune|p2a: Sinistcha
|
|upkeep
|turn|7
|
|t:|1711940853
|switch|p1a: Big Bird|Moltres|100/100
|move|p2a: Sinistcha|Calm Mind|p2a: Sinistcha
|-boost|p2a: Sinistcha|spa|1
|-boost|p2a: Sinistcha|spd|1
|
|upkeep
|turn|8
|
|t:|1711940867
|move|p1a: Big Bird|Air Slash|p2a: Sinistcha
|-supereffective|p2a: Sinistcha
|-damage|p2a: Sinistcha|48/100
|cant|p2a: Sinistcha|flinch
|
|-heal|p2a: Sinistcha|55/100|[from] item: Leftovers
|upkeep
|turn|9
|
|t:|1711940889
|switch|p2a: Zapdos|Zapdos|85/100
|-ability|p2a: Zapdos|Pressure
|move|p1a: Big Bird|Air Slash|p2a: Zapdos
|-resisted|p2a: Zapdos
|-damage|p2a: Zapdos|70/100
|
|upkeep
|turn|10
|
|t:|1711940896
|switch|p1a: Tunnels|Excadrill, F|100/100
|-damage|p1a: Tunnels|97/100|[from] Stealth Rock
|-ability|p1a: Tunnels|Mold Breaker
|move|p2a: Zapdos|Heat Wave|p1a: Tunnels
|-supereffective|p1a: Tunnels
|-damage|p1a: Tunnels|28/100
|
|-heal|p1a: Tunnels|34/100|[from] item: Leftovers
|upkeep
|turn|11
|
|t:|1711940909
|switch|p1a: Hinge Match|Blissey, F|100/100
|move|p2a: Zapdos|Heat Wave|p1a: Hinge Match
|-damage|p1a: Hinge Match|91/100
|
|upkeep
|turn|12
|
|t:|1711940915
|move|p2a: Zapdos|Roost|p2a: Zapdos
|-heal|p2a: Zapdos|100/100
|-singleturn|p2a: Zapdos|move: Roost
|move|p1a: Hinge Match|Stealth Rock|p2a: Zapdos
|-sidestart|p2: mysticwatch|move: Stealth Rock
|
|upkeep
|turn|13
|
|t:|1711940922
|move|p2a: Zapdos|Volt Switch|p1a: Hinge Match
|-damage|p1a: Hinge Match|80/100
|
|t:|1711940927
|switch|p2a: Sinistcha|Sinistcha|55/100|[from] Volt Switch
|-damage|p2a: Sinistcha|42/100|[from] Stealth Rock
|move|p1a: Hinge Match|Ice Beam|p2a: Sinistcha
|-supereffective|p2a: Sinistcha
|-crit|p2a: Sinistcha
|-damage|p2a: Sinistcha|0 fnt
|faint|p2a: Sinistcha
|
|upkeep
|c|☆holmeslice|crit probably mattered
|c|☆mysticwatch|I believe it did
|c|☆mysticwatch|but it happens
|c|☆holmeslice|*definitely
|
|t:|1711940989
|switch|p2a: Garchomp|Garchomp, M|100/100
|-damage|p2a: Garchomp|94/100|[from] Stealth Rock
|turn|14
|
|t:|1711941002
|switch|p1a: Big Fish|Dondozo, M|100/100
|-damage|p1a: Big Fish|88/100|[from] Stealth Rock
|move|p2a: Garchomp|Swords Dance|p2a: Garchomp
|-boost|p2a: Garchomp|atk|2
|
|-heal|p1a: Big Fish|94/100|[from] item: Leftovers
|upkeep
|turn|15
|
|t:|1711941012
|switch|p2a: Regieleki|Regieleki|100/100
|-damage|p2a: Regieleki|88/100|[from] Stealth Rock
|move|p1a: Big Fish|Liquidation|p2a: Regieleki
|-damage|p2a: Regieleki|27/100
|-unboost|p2a: Regieleki|def|1
|
|-heal|p1a: Big Fish|99/100|[from] item: Leftovers
|upkeep
|turn|16
|
|t:|1711941022
|switch|p1a: Tunnels|Excadrill, F|34/100
|-damage|p1a: Tunnels|31/100|[from] Stealth Rock
|-ability|p1a: Tunnels|Mold Breaker
|move|p2a: Regieleki|Thunderbolt|p1a: Tunnels
|-immune|p1a: Tunnels
|
|-heal|p1a: Tunnels|37/100|[from] item: Leftovers
|upkeep
|turn|17
|
|t:|1711941037
|switch|p2a: Zapdos|Zapdos|100/100
|-ability|p2a: Zapdos|Pressure
|move|p1a: Tunnels|Rapid Spin|p2a: Zapdos
|-damage|p2a: Zapdos|88/100
|-boost|p1a: Tunnels|spe|1
|-sideend|p1: holmeslice|Stealth Rock|[from] move: Rapid Spin|[of] p1a: Tunnels
|
|-heal|p1a: Tunnels|43/100|[from] item: Leftovers
|upkeep
|turn|18
|
|t:|1711941048
|switch|p1a: Hinge Match|Blissey, F|80/100
|move|p2a: Zapdos|Heat Wave|p1a: Hinge Match
|-damage|p1a: Hinge Match|70/100
|
|upkeep
|turn|19
|
|t:|1711941066
|switch|p2a: Registeel|Registeel|97/100
|-damage|p2a: Registeel|91/100|[from] Stealth Rock
|move|p1a: Hinge Match|Soft-Boiled|p1a: Hinge Match
|-heal|p1a: Hinge Match|100/100
|
|-heal|p2a: Registeel|97/100|[from] item: Leftovers
|upkeep
|turn|20
|
|t:|1711941075
|switch|p1a: Big Fish|Dondozo, M|99/100
|move|p2a: Registeel|Stealth Rock|p1a: Big Fish
|-sidestart|p1: holmeslice|move: Stealth Rock
|
|-heal|p2a: Registeel|100/100|[from] item: Leftovers
|-heal|p1a: Big Fish|100/100|[from] item: Leftovers
|upkeep
|turn|21
|
|t:|1711941088
|switch|p2a: Zapdos|Zapdos|88/100
|-ability|p2a: Zapdos|Pressure
|move|p1a: Big Fish|Body Press|p2a: Zapdos
|-resisted|p2a: Zapdos
|-damage|p2a: Zapdos|78/100
|
|upkeep
|turn|22
|
|t:|1711941100
|switch|p1a: Hinge Match|Blissey, F|100/100
|move|p2a: Zapdos|Heat Wave|p1a: Hinge Match
|-damage|p1a: Hinge Match|92/100
|
|upkeep
|turn|23
|
|t:|1711941110
|move|p2a: Zapdos|Roost|p2a: Zapdos
|-heal|p2a: Zapdos|100/100
|-singleturn|p2a: Zapdos|move: Roost
|move|p1a: Hinge Match|Seismic Toss|p2a: Zapdos
|-damage|p2a: Zapdos|74/100
|
|upkeep
|turn|24
|
|t:|1711941119
|move|p2a: Zapdos|Volt Switch|p1a: Hinge Match
|-damage|p1a: Hinge Match|81/100
|
|t:|1711941122
|switch|p2a: Registeel|Registeel|100/100|[from] Volt Switch
|-damage|p2a: Registeel|94/100|[from] Stealth Rock
|move|p1a: Hinge Match|Seismic Toss|p2a: Registeel
|-damage|p2a: Registeel|67/100
|
|-heal|p2a: Registeel|73/100|[from] item: Leftovers
|upkeep
|turn|25
|
|t:|1711941144
|switch|p1a: Big Fish|Dondozo, M|100/100
|-damage|p1a: Big Fish|88/100|[from] Stealth Rock
|switch|p2a: Zapdos|Zapdos|74/100
|-ability|p2a: Zapdos|Pressure
|
|-heal|p1a: Big Fish|94/100|[from] item: Leftovers
|upkeep
|turn|26
|
|t:|1711941155
|switch|p1a: Hinge Match|Blissey, F|81/100
|move|p2a: Zapdos|Volt Switch|p1a: Hinge Match
|-damage|p1a: Hinge Match|69/100
|
|t:|1711941179
|switch|p2a: Garchomp|Garchomp, M|94/100|[from] Volt Switch
|-damage|p2a: Garchomp|88/100|[from] Stealth Rock
|
|upkeep
|turn|27
|
|t:|1711941190
|switch|p1a: Big Fish|Dondozo, M|94/100
|-damage|p1a: Big Fish|82/100|[from] Stealth Rock
|move|p2a: Garchomp|Earthquake|p1a: Big Fish
|-damage|p1a: Big Fish|58/100
|
|-heal|p1a: Big Fish|65/100|[from] item: Leftovers
|upkeep
|turn|28
|
|t:|1711941204
|switch|p2a: Zapdos|Zapdos|74/100
|-ability|p2a: Zapdos|Pressure
|move|p1a: Big Fish|Rest|p1a: Big Fish
|-status|p1a: Big Fish|slp|[from] move: Rest
|-heal|p1a: Big Fish|100/100 slp|[silent]
|
|upkeep
|turn|29
|
|t:|1711941212
|switch|p1a: Hinge Match|Blissey, F|69/100
|move|p2a: Zapdos|Volt Switch|p1a: Hinge Match
|-damage|p1a: Hinge Match|58/100
|
|t:|1711941224
|switch|p2a: Garchomp|Garchomp, M|88/100|[from] Volt Switch
|-damage|p2a: Garchomp|82/100|[from] Stealth Rock
|
|upkeep
|turn|30
|
|t:|1711941246
|switch|p1a: Big Fish|Dondozo, M|100/100 slp
|-damage|p1a: Big Fish|88/100 slp|[from] Stealth Rock
|move|p2a: Garchomp|Earthquake|p1a: Big Fish
|-damage|p1a: Big Fish|63/100 slp
|
|-heal|p1a: Big Fish|70/100 slp|[from] item: Leftovers
|upkeep
|turn|31
|
|t:|1711941263
|switch|p2a: Zapdos|Zapdos|74/100
|-ability|p2a: Zapdos|Pressure
|switch|p1a: Big Bird|Moltres|100/100
|
|upkeep
|turn|32
|
|t:|1711941274
|switch|p1a: Tunnels|Excadrill, F|43/100
|-damage|p1a: Tunnels|40/100|[from] Stealth Rock
|-ability|p1a: Tunnels|Mold Breaker
|move|p2a: Zapdos|Roost|p2a: Zapdos
|-heal|p2a: Zapdos|100/100
|-singleturn|p2a: Zapdos|move: Roost
|
|-heal|p1a: Tunnels|46/100|[from] item: Leftovers
|upkeep
|turn|33
|
|t:|1711941287
|switch|p1a: Daddy Topps|Gouging Fire|100/100
|-damage|p1a: Daddy Topps|76/100|[from] Stealth Rock
|move|p2a: Zapdos|Heat Wave|p1a: Daddy Topps
|-resisted|p1a: Daddy Topps
|-damage|p1a: Daddy Topps|69/100
|
|-heal|p1a: Daddy Topps|75/100|[from] item: Leftovers
|upkeep
|turn|34
|
|t:|1711941303
|move|p1a: Daddy Topps|Flare Blitz|p2a: Zapdos
|-damage|p2a: Zapdos|61/100
|-damage|p1a: Daddy Topps|60/100|[from] Recoil
|move|p2a: Zapdos|Volt Switch|p1a: Daddy Topps
|-resisted|p1a: Daddy Topps
|-damage|p1a: Daddy Topps|44/100
|
|t:|1711941309
|switch|p2a: Registeel|Registeel|73/100|[from] Volt Switch
|-damage|p2a: Registeel|67/100|[from] Stealth Rock
|
|-heal|p1a: Daddy Topps|50/100|[from] item: Leftovers
|-heal|p2a: Registeel|73/100|[from] item: Leftovers
|upkeep
|turn|35
|
|t:|1711941324
|-terastallize|p2a: Registeel|Water
|move|p1a: Daddy Topps|Morning Sun|p1a: Daddy Topps
|-heal|p1a: Daddy Topps|99/100
|move|p2a: Registeel|Iron Defense|p2a: Registeel
|-boost|p2a: Registeel|def|2
|
|-heal|p1a: Daddy Topps|100/100|[from] item: Leftovers
|-heal|p2a: Registeel|79/100|[from] item: Leftovers
|upkeep
|turn|36
|
|t:|1711941335
|-end|p1a: Daddy Topps|Protosynthesis|[silent]
|switch|p1a: Big Fish|Dondozo, M|70/100 slp
|-damage|p1a: Big Fish|57/100 slp|[from] Stealth Rock
|move|p2a: Registeel|Iron Defense|p2a: Registeel
|-boost|p2a: Registeel|def|2
|
|-heal|p2a: Registeel|85/100|[from] item: Leftovers
|-heal|p1a: Big Fish|63/100 slp|[from] item: Leftovers
|upkeep
|turn|37
|
|t:|1711941351
|switch|p2a: Darkrai|Darkrai|100/100
|-damage|p2a: Darkrai|88/100|[from] Stealth Rock
|cant|p1a: Big Fish|slp
|move|p1a: Big Fish|Sleep Talk|p1a: Big Fish
|move|p1a: Big Fish|Liquidation|p2a: Darkrai|[from]move: Sleep Talk
|-damage|p2a: Darkrai|49/100
|
|-heal|p1a: Big Fish|69/100 slp|[from] item: Leftovers
|-damage|p1a: Big Fish|57/100 slp|[from] ability: Bad Dreams|[of] p2a: Darkrai
|upkeep
|turn|38
|
|t:|1711941370
|move|p2a: Darkrai|Dark Pulse|p1a: Big Fish
|-damage|p1a: Big Fish|5/100 slp
|-damage|p2a: Darkrai|39/100|[from] item: Life Orb
|cant|p1a: Big Fish|slp
|cant|p1a: Big Fish|flinch
|
|-heal|p1a: Big Fish|11/100 slp|[from] item: Leftovers
|-damage|p1a: Big Fish|0 fnt|[from] ability: Bad Dreams|[of] p2a: Darkrai
|faint|p1a: Big Fish
|upkeep
|
|t:|1711941402
|switch|p1a: Hinge Match|Blissey, F|58/100
|turn|39
|
|t:|1711941424
|switch|p2a: Registeel|Registeel, tera:Water|85/100
|-damage|p2a: Registeel|73/100|[from] Stealth Rock
|move|p1a: Hinge Match|Soft-Boiled|p1a: Hinge Match
|-heal|p1a: Hinge Match|100/100
|
|-heal|p2a: Registeel|79/100|[from] item: Leftovers
|upkeep
|turn|40
|
|t:|1711941440
|switch|p1a: Big Bird|Moltres|100/100
|move|p2a: Registeel|Iron Defense|p2a: Registeel
|-boost|p2a: Registeel|def|2
|
|-heal|p2a: Registeel|85/100|[from] item: Leftovers
|upkeep
|turn|41
|
|t:|1711941457
|move|p1a: Big Bird|Will-O-Wisp|p2a: Registeel
|-status|p2a: Registeel|brn
|move|p2a: Registeel|Iron Defense|p2a: Registeel
|-boost|p2a: Registeel|def|2
|
|-heal|p2a: Registeel|91/100 brn|[from] item: Leftovers
|-damage|p2a: Registeel|85/100 brn|[from] brn
|upkeep
|turn|42
|
|t:|1711941466
|move|p1a: Big Bird|Air Slash|p2a: Registeel
|-damage|p2a: Registeel|68/100 brn
|cant|p2a: Registeel|flinch
|
|-heal|p2a: Registeel|74/100 brn|[from] item: Leftovers
|-damage|p2a: Registeel|68/100 brn|[from] brn
|upkeep
|turn|43
|
|t:|1711941480
|switch|p2a: Zapdos|Zapdos|61/100
|-ability|p2a: Zapdos|Pressure
|move|p1a: Big Bird|Air Slash|p2a: Zapdos
|-resisted|p2a: Zapdos
|-damage|p2a: Zapdos|44/100
|
|upkeep
|turn|44
|
|t:|1711941506
|switch|p1a: Hinge Match|Blissey, F|100/100
|move|p2a: Zapdos|Roost|p2a: Zapdos
|-heal|p2a: Zapdos|94/100
|-singleturn|p2a: Zapdos|move: Roost
|
|upkeep
|turn|45
|
|t:|1711941534
|move|p2a: Zapdos|Discharge|p1a: Hinge Match
|-crit|p1a: Hinge Match
|-damage|p1a: Hinge Match|80/100
|move|p1a: Hinge Match|Seismic Toss|p2a: Zapdos
|-damage|p2a: Zapdos|68/100
|
|upkeep
|turn|46
|
|t:|1711941558
|move|p2a: Zapdos|Discharge|p1a: Hinge Match
|-damage|p1a: Hinge Match|69/100
|-status|p1a: Hinge Match|par
|move|p1a: Hinge Match|Seismic Toss|p2a: Zapdos
|-damage|p2a: Zapdos|42/100
|
|upkeep
|turn|47
|
|t:|1711941565
|move|p2a: Zapdos|Roost|p2a: Zapdos
|-heal|p2a: Zapdos|92/100
|-singleturn|p2a: Zapdos|move: Roost
|move|p1a: Hinge Match|Ice Beam|p2a: Zapdos
|-damage|p2a: Zapdos|77/100
|
|upkeep
|turn|48
|
|t:|1711941578
|move|p2a: Zapdos|Heat Wave|p1a: Hinge Match
|-damage|p1a: Hinge Match|59/100 par
|move|p1a: Hinge Match|Soft-Boiled|p1a: Hinge Match
|-heal|p1a: Hinge Match|100/100 par
|
|upkeep
|turn|49
|
|t:|1711941588
|move|p2a: Zapdos|Discharge|p1a: Hinge Match
|-damage|p1a: Hinge Match|88/100 par
|cant|p1a: Hinge Match|par
|
|upkeep
|turn|50
|
|t:|1711941593
|move|p2a: Zapdos|Discharge|p1a: Hinge Match
|-damage|p1a: Hinge Match|77/100 par
|cant|p1a: Hinge Match|par
|
|upkeep
|turn|51
|
|t:|1711941598
|move|p2a: Zapdos|Discharge|p1a: Hinge Match
|-damage|p1a: Hinge Match|65/100 par
|move|p1a: Hinge Match|Ice Beam|p2a: Zapdos
|-supereffective|p2a: Zapdos
|-damage|p2a: Zapdos|43/100
|
|upkeep
|turn|52
|
|t:|1711941604
|move|p2a: Zapdos|Roost|p2a: Zapdos
|-heal|p2a: Zapdos|93/100
|-singleturn|p2a: Zapdos|move: Roost
|move|p1a: Hinge Match|Soft-Boiled|p1a: Hinge Match
|-heal|p1a: Hinge Match|100/100 par
|
|upkeep
|turn|53
|
|t:|1711941613
|move|p2a: Zapdos|Volt Switch|p1a: Hinge Match
|-damage|p1a: Hinge Match|89/100 par
|
|t:|1711941615
|switch|p2a: Registeel|Registeel, tera:Water|68/100 brn|[from] Volt Switch
|-damage|p2a: Registeel|56/100 brn|[from] Stealth Rock
|move|p1a: Hinge Match|Ice Beam|p2a: Registeel
|-resisted|p2a: Registeel
|-damage|p2a: Registeel|51/100 brn
|
|-heal|p2a: Registeel|57/100 brn|[from] item: Leftovers
|-damage|p2a: Registeel|51/100 brn|[from] brn
|upkeep
|turn|54
|
|t:|1711941627
|move|p2a: Registeel|Iron Defense|p2a: Registeel
|-boost|p2a: Registeel|def|2
|cant|p1a: Hinge Match|par
|
|-heal|p2a: Registeel|57/100 brn|[from] item: Leftovers
|-damage|p2a: Registeel|51/100 brn|[from] brn
|upkeep
|turn|55
|
|t:|1711941635
|-curestatus|p1a: Hinge Match|par|[from] ability: Natural Cure
|switch|p1a: Big Bird|Moltres|100/100
|move|p2a: Registeel|Body Press|p1a: Big Bird
|-resisted|p1a: Big Bird
|-damage|p1a: Big Bird|87/100
|
|-heal|p2a: Registeel|57/100 brn|[from] item: Leftovers
|-damage|p2a: Registeel|51/100 brn|[from] brn
|upkeep
|turn|56
|
|t:|1711941653
|switch|p2a: Zapdos|Zapdos|93/100
|-ability|p2a: Zapdos|Pressure
|move|p1a: Big Bird|Air Slash|p2a: Zapdos
|-resisted|p2a: Zapdos
|-damage|p2a: Zapdos|77/100
|
|upkeep
|turn|57
|
|t:|1711941661
|switch|p1a: Hinge Match|Blissey, F|89/100
|move|p2a: Zapdos|Heat Wave|p1a: Hinge Match
|-damage|p1a: Hinge Match|80/100
|
|upkeep
|turn|58
|
|t:|1711941671
|move|p2a: Zapdos|Discharge|p1a: Hinge Match
|-damage|p1a: Hinge Match|67/100
|move|p1a: Hinge Match|Ice Beam|p2a: Zapdos
|-supereffective|p2a: Zapdos
|-damage|p2a: Zapdos|46/100
|
|upkeep
|turn|59
|
|t:|1711941679
|move|p2a: Zapdos|Roost|p2a: Zapdos
|-heal|p2a: Zapdos|96/100
|-singleturn|p2a: Zapdos|move: Roost
|move|p1a: Hinge Match|Soft-Boiled|p1a: Hinge Match
|-heal|p1a: Hinge Match|100/100
|
|upkeep
|turn|60
|
|t:|1711941689
|move|p2a: Zapdos|Discharge|p1a: Hinge Match
|-damage|p1a: Hinge Match|89/100
|-status|p1a: Hinge Match|par
|move|p1a: Hinge Match|Ice Beam|p2a: Zapdos
|-supereffective|p2a: Zapdos
|-damage|p2a: Zapdos|63/100
|-status|p2a: Zapdos|frz
|
|upkeep
|turn|61
|
|t:|1711941699
|-curestatus|p1a: Hinge Match|par|[from] ability: Natural Cure
|switch|p1a: Tunnels|Excadrill, F|46/100
|-damage|p1a: Tunnels|43/100|[from] Stealth Rock
|-ability|p1a: Tunnels|Mold Breaker
|cant|p2a: Zapdos|frz
|
|-heal|p1a: Tunnels|50/100|[from] item: Leftovers
|upkeep
|turn|62
|
|t:|1711941717
|move|p1a: Tunnels|Rapid Spin|p2a: Zapdos
|-damage|p2a: Zapdos|49/100 frz
|-boost|p1a: Tunnels|spe|1
|-sideend|p1: holmeslice|Stealth Rock|[from] move: Rapid Spin|[of] p1a: Tunnels
|cant|p2a: Zapdos|frz
|
|-heal|p1a: Tunnels|56/100|[from] item: Leftovers
|upkeep
|turn|63
|
|t:|1711941736
|move|p1a: Tunnels|Rock Slide|p2a: Zapdos
|-supereffective|p2a: Zapdos
|-damage|p2a: Zapdos|13/100 frz
|-curestatus|p2a: Zapdos|frz|[msg]
|move|p2a: Zapdos|Roost|p2a: Zapdos
|-heal|p2a: Zapdos|63/100
|-singleturn|p2a: Zapdos|move: Roost
|
|-heal|p1a: Tunnels|62/100|[from] item: Leftovers
|upkeep
|turn|64
|
|t:|1711941747
|switch|p1a: Hinge Match|Blissey, F|89/100
|move|p2a: Zapdos|Volt Switch|p1a: Hinge Match
|-damage|p1a: Hinge Match|79/100
|
|t:|1711941753
|switch|p2a: Garchomp|Garchomp, M|82/100|[from] Volt Switch
|-damage|p2a: Garchomp|76/100|[from] Stealth Rock
|
|upkeep
|turn|65
|
|t:|1711941773
|switch|p1a: Marty McFly|Iron Bundle|100/100
|move|p2a: Garchomp|Swords Dance|p2a: Garchomp
|-boost|p2a: Garchomp|atk|2
|
|upkeep
|turn|66
|
|t:|1711941789
|switch|p2a: Registeel|Registeel, tera:Water|51/100 brn
|-damage|p2a: Registeel|39/100 brn|[from] Stealth Rock
|move|p1a: Marty McFly|Freeze-Dry|p2a: Registeel
|-supereffective|p2a: Registeel
|-damage|p2a: Registeel|4/100 brn
|
|-heal|p2a: Registeel|10/100 brn|[from] item: Leftovers
|-damage|p2a: Registeel|4/100 brn|[from] brn
|upkeep
|turn|67
|
|t:|1711941799
|move|p1a: Marty McFly|Freeze-Dry|p2a: Registeel
|-supereffective|p2a: Registeel
|-damage|p2a: Registeel|0 fnt
|faint|p2a: Registeel
|
|upkeep
|
|t:|1711941804
|switch|p2a: Regieleki|Regieleki|27/100
|-damage|p2a: Regieleki|15/100|[from] Stealth Rock
|turn|68
|
|t:|1711941809
|-end|p1a: Marty McFly|Quark Drive|[silent]
|switch|p1a: Tunnels|Excadrill, F|62/100
|-ability|p1a: Tunnels|Mold Breaker
|move|p2a: Regieleki|Rapid Spin|p1a: Tunnels
|-resisted|p1a: Tunnels
|-damage|p1a: Tunnels|54/100
|-boost|p2a: Regieleki|spe|1
|-sideend|p2: mysticwatch|Stealth Rock|[from] move: Rapid Spin|[of] p2a: Regieleki
|
|-heal|p1a: Tunnels|60/100|[from] item: Leftovers
|upkeep
|turn|69
|
|t:|1711941826
|switch|p2a: Zapdos|Zapdos|63/100
|-ability|p2a: Zapdos|Pressure
|move|p1a: Tunnels|Rock Slide|p2a: Zapdos
|-supereffective|p2a: Zapdos
|-damage|p2a: Zapdos|25/100
|
|-heal|p1a: Tunnels|66/100|[from] item: Leftovers
|upkeep
|turn|70
|
|t:|1711941838
|switch|p1a: Hinge Match|Blissey, F|79/100
|move|p2a: Zapdos|Heat Wave|p1a: Hinge Match
|-damage|p1a: Hinge Match|69/100
|
|upkeep
|turn|71
|
|t:|1711941848
|move|p2a: Zapdos|Discharge|p1a: Hinge Match
|-damage|p1a: Hinge Match|57/100
|-status|p1a: Hinge Match|par
|move|p1a: Hinge Match|Soft-Boiled|p1a: Hinge Match
|-heal|p1a: Hinge Match|100/100 par
|
|upkeep
|turn|72
|
|t:|1711941857
|-curestatus|p1a: Hinge Match|par|[from] ability: Natural Cure
|switch|p1a: Daddy Topps|Gouging Fire|100/100
|move|p2a: Zapdos|Volt Switch|p1a: Daddy Topps
|-resisted|p1a: Daddy Topps
|-damage|p1a: Daddy Topps|85/100
|
|t:|1711941871
|switch|p2a: Garchomp|Garchomp, M|76/100|[from] Volt Switch
|
|-heal|p1a: Daddy Topps|91/100|[from] item: Leftovers
|upkeep
|turn|73
|
|t:|1711941885
|move|p2a: Garchomp|Scale Shot|p1a: Daddy Topps
|-supereffective|p1a: Daddy Topps
|-damage|p1a: Daddy Topps|70/100
|-supereffective|p1a: Daddy Topps
|-damage|p1a: Daddy Topps|46/100
|-supereffective|p1a: Daddy Topps
|-damage|p1a: Daddy Topps|23/100
|-supereffective|p1a: Daddy Topps
|-damage|p1a: Daddy Topps|2/100
|-supereffective|p1a: Daddy Topps
|-damage|p1a: Daddy Topps|0 fnt
|faint|p1a: Daddy Topps
|-end|p1a: Daddy Topps|Protosynthesis|[silent]
|-hitcount|p1: Daddy Topps|5
|-unboost|p2a: Garchomp|def|1
|-boost|p2a: Garchomp|spe|1
|
|upkeep
|
|t:|1711941909
|switch|p1a: Big Bird|Moltres|87/100
|turn|74
|
|t:|1711941929
|move|p2a: Garchomp|Scale Shot|p1a: Big Bird
|-damage|p1a: Big Bird|75/100
|-damage|p1a: Big Bird|63/100
|-damage|p1a: Big Bird|51/100
|-damage|p1a: Big Bird|38/100
|-hitcount|p1a: Big Bird|4
|-unboost|p2a: Garchomp|def|1
|-boost|p2a: Garchomp|spe|1
|move|p1a: Big Bird|Will-O-Wisp|p2a: Garchomp
|-status|p2a: Garchomp|brn
|
|-damage|p2a: Garchomp|70/100 brn|[from] brn
|upkeep
|turn|75
|
|t:|1711941943
|move|p2a: Garchomp|Swords Dance|p2a: Garchomp
|-boost|p2a: Garchomp|atk|2
|move|p1a: Big Bird|Roost|p1a: Big Bird
|-heal|p1a: Big Bird|88/100
|-singleturn|p1a: Big Bird|move: Roost
|
|-damage|p2a: Garchomp|64/100 brn|[from] brn
|upkeep
|turn|76
|
|t:|1711941950
|move|p2a: Garchomp|Swords Dance|p2a: Garchomp
|-boost|p2a: Garchomp|atk|2
|move|p1a: Big Bird|Air Slash|p2a: Garchomp
|-damage|p2a: Garchomp|27/100 brn
|
|-damage|p2a: Garchomp|21/100 brn|[from] brn
|upkeep
|turn|77
|
|t:|1711941959
|move|p2a: Garchomp|Scale Shot|p1a: Big Bird
|-damage|p1a: Big Bird|69/100
|-damage|p1a: Big Bird|51/100
|-damage|p1a: Big Bird|33/100
|-damage|p1a: Big Bird|13/100
|-hitcount|p1a: Big Bird|4
|-unboost|p2a: Garchomp|def|1
|-boost|p2a: Garchomp|spe|1
|move|p1a: Big Bird|Air Slash|p2a: Garchomp
|-damage|p2a: Garchomp|0 fnt
|faint|p2a: Garchomp
|
|upkeep
|
|t:|1711941977
|switch|p2a: Regieleki|Regieleki|15/100
|turn|78
|
|t:|1711942003
|switch|p2a: Zapdos|Zapdos|25/100
|-ability|p2a: Zapdos|Pressure
|switch|p1a: Tunnels|Excadrill, F|66/100
|-ability|p1a: Tunnels|Mold Breaker
|
|-heal|p1a: Tunnels|73/100|[from] item: Leftovers
|upkeep
|turn|79
|
|t:|1711942012
|switch|p1a: Hinge Match|Blissey, F|100/100
|move|p2a: Zapdos|Heat Wave|p1a: Hinge Match
|-damage|p1a: Hinge Match|90/100
|
|upkeep
|turn|80
|
|t:|1711942020
|move|p2a: Zapdos|Discharge|p1a: Hinge Match
|-damage|p1a: Hinge Match|79/100
|move|p1a: Hinge Match|Ice Beam|p2a: Zapdos
|-supereffective|p2a: Zapdos
|-damage|p2a: Zapdos|0 fnt
|faint|p2a: Zapdos
|
|upkeep
|
|t:|1711942030
|switch|p2a: Darkrai|Darkrai|39/100
|turn|81
|
|t:|1711942037
|move|p2a: Darkrai|Hypnosis|p1a: Hinge Match|[miss]
|-miss|p2a: Darkrai|p1a: Hinge Match
|move|p1a: Hinge Match|Soft-Boiled|p1a: Hinge Match
|-heal|p1a: Hinge Match|100/100
|
|upkeep
|turn|82
|
|t:|1711942043
|move|p2a: Darkrai|Hypnosis|p1a: Hinge Match
|-status|p1a: Hinge Match|slp|[from] move: Hypnosis
|cant|p1a: Hinge Match|slp
|
|-damage|p1a: Hinge Match|88/100 slp|[from] ability: Bad Dreams|[of] p2a: Darkrai
|upkeep
|turn|83
|
|t:|1711942048
|-curestatus|p1a: Hinge Match|slp|[from] ability: Natural Cure
|switch|p1a: Marty McFly|Iron Bundle|100/100
|move|p2a: Darkrai|Nasty Plot|p2a: Darkrai
|-boost|p2a: Darkrai|spa|2
|
|upkeep
|turn|84
|
|t:|1711942059
|move|p1a: Marty McFly|Ice Beam|p2a: Darkrai
|-damage|p2a: Darkrai|0 fnt
|faint|p2a: Darkrai
|
|upkeep
|
|t:|1711942065
|switch|p2a: Regieleki|Regieleki|15/100
|turn|85
|
|t:|1711942068
|-end|p1a: Marty McFly|Quark Drive|[silent]
|switch|p1a: Tunnels|Excadrill, F|73/100
|-ability|p1a: Tunnels|Mold Breaker
|move|p2a: Regieleki|Rapid Spin|p1a: Tunnels
|-resisted|p1a: Tunnels
|-damage|p1a: Tunnels|66/100
|-boost|p2a: Regieleki|spe|1
|
|-heal|p1a: Tunnels|72/100|[from] item: Leftovers
|upkeep
|turn|86
|
|t:|1711942077
|move|p2a: Regieleki|Rapid Spin|p1a: Tunnels
|-resisted|p1a: Tunnels
|-damage|p1a: Tunnels|65/100
|-boost|p2a: Regieleki|spe|1
|move|p1a: Tunnels|Earthquake|p2a: Regieleki
|-supereffective|p2a: Regieleki
|-damage|p2a: Regieleki|0 fnt
|faint|p2a: Regieleki
|
|win|holmeslice
|c|☆mysticwatch|gg need like 2 min to adjust
