|html|<div class="broadcast-blue"><strong>[Gen 9] Ubers is currently suspecting Last Respects! For information on how to participate check out the <a href="https://www.smogon.com/forums/threads/np-sv-ubers-stage-3-respect.3739544/">suspect thread</a>.</strong></div>
|j|☆FireFlamingo
|j|☆Starmedial
|t:|1711942941
|gametype|singles
|player|p1|FireFlamingo|alder|
|player|p2|Starmedial|dawn|
|teamsize|p1|6
|teamsize|p2|6
|gen|9
|tier|[Gen 9] Ubers
|rule|Sleep Clause Mod: Limit one foe put to sleep
|rule|Species Clause: Limit one of each Pokémon
|rule|OHKO Clause: OHKO moves are banned
|rule|Evasion Items Clause: Evasion items are banned
|rule|Evasion Moves Clause: Evasion moves are banned
|rule|Endless Battle Clause: Forcing endless battles is banned
|rule|HP Percentage Mod: HP is shown in percentages
|clearpoke
|poke|p1|Cinderace, M|
|poke|p1|Incineroar, F|
|poke|p1|Arboliva, M|
|poke|p1|Lucario, F|
|poke|p1|Munkidori, M|
|poke|p1|Enamorus, F|
|poke|p2|Blastoise, F|
|poke|p2|Infernape, F|
|poke|p2|Cresselia, F|
|poke|p2|Avalugg, F|
|poke|p2|Fezandipiti, M|
|poke|p2|Torterra, F|
|teampreview
|
|t:|1711942993
|start
|switch|p1a: Enamorus|Enamorus, F|100/100
|switch|p2a: Avalugg|Avalugg, F|100/100
|turn|1
|c|☆FireFlamingo|glhf!
|
|t:|1711943060
|move|p1a: Enamorus|Agility|p1a: Enamorus
|-boost|p1a: Enamorus|spe|2
|move|p2a: Avalugg|Rain Dance|p2a: Avalugg
|-weather|RainDance
|
|-weather|RainDance|[upkeep]
|upkeep
|turn|2
|c|☆Starmedial|gl :)
|
|t:|1711943074
|move|p1a: Enamorus|Agility|p1a: Enamorus
|-boost|p1a: Enamorus|spe|2
|move|p2a: Avalugg|Avalanche|p1a: Enamorus
|-supereffective|p1a: Enamorus
|-damage|p1a: Enamorus|47/100
|-enditem|p1a: Enamorus|Weakness Policy
|-boost|p1a: Enamorus|atk|2|[from] item: Weakness Policy
|-boost|p1a: Enamorus|spa|2|[from] item: Weakness Policy
|
|-weather|RainDance|[upkeep]
|upkeep
|turn|3
|
|t:|1711943084
|move|p1a: Enamorus|Moonblast|p2a: Avalugg
|-ability|p2a: Avalugg|Sturdy
|-damage|p2a: Avalugg|1/100
|-unboost|p2a: Avalugg|spa|1
|move|p2a: Avalugg|Avalanche|p1a: Enamorus
|-supereffective|p1a: Enamorus
|-damage|p1a: Enamorus|0 fnt
|faint|p1a: Enamorus
|
|-weather|RainDance|[upkeep]
|-heal|p2a: Avalugg|7/100|[from] item: Leftovers
|upkeep
|
|t:|1711943094
|switch|p1a: Lucario|Lucario, F|100/100
|turn|4
|c|☆FireFlamingo|the fool i am, nt nt
|c|☆Starmedial|lol
|
|t:|1711943240
|move|p1a: Lucario|Meteor Mash|p2a: Avalugg
|-supereffective|p2a: Avalugg
|-damage|p2a: Avalugg|0 fnt
|faint|p2a: Avalugg
|-damage|p1a: Lucario|91/100|[from] item: Life Orb
|
|-weather|RainDance|[upkeep]
|upkeep
|
|t:|1711943325
|switch|p2a: Infernape|Infernape, F|100/100
|turn|5
|
|t:|1711943362
|move|p2a: Infernape|Fire Punch|p1a: Lucario
|-supereffective|p1a: Lucario
|-damage|p1a: Lucario|31/100
|move|p1a: Lucario|Close Combat|p2a: Infernape
|-damage|p2a: Infernape|0 fnt
|-unboost|p1a: Lucario|def|1
|-unboost|p1a: Lucario|spd|1
|faint|p2a: Infernape
|-damage|p1a: Lucario|21/100|[from] item: Life Orb
|
|-weather|none
|upkeep
|
|t:|1711943400
|switch|p2a: Fezandipiti|Fezandipiti, M|100/100
|turn|6
|
|t:|1711943419
|switch|p1a: Incineroar|Incineroar, F|100/100
|-ability|p1a: Incineroar|Intimidate|boost
|-unboost|p2a: Fezandipiti|atk|1
|move|p2a: Fezandipiti|Alluring Voice|p1a: Incineroar
|-damage|p1a: Incineroar|78/100
|
|-heal|p1a: Incineroar|85/100|[from] item: Leftovers
|upkeep
|turn|7
|
|t:|1711943445
|switch|p2a: Blastoise|Blastoise, F|100/100
|move|p1a: Incineroar|Knock Off|p2a: Blastoise
|-damage|p2a: Blastoise|62/100
|-enditem|p2a: Blastoise|Leftovers|[from] move: Knock Off|[of] p1a: Incineroar
|
|-heal|p1a: Incineroar|91/100|[from] item: Leftovers
|upkeep
|turn|8
|
|t:|1711943488
|move|p2a: Blastoise|Flip Turn|p1a: Incineroar
|-supereffective|p1a: Incineroar
|-damage|p1a: Incineroar|45/100
|
|t:|1711943492
|switch|p2a: Torterra|Torterra, F|100/100|[from] Flip Turn
|move|p1a: Incineroar|Will-O-Wisp|p2a: Torterra
|-status|p2a: Torterra|brn
|
|-heal|p1a: Incineroar|51/100|[from] item: Leftovers
|-damage|p2a: Torterra|94/100 brn|[from] brn
|upkeep
|turn|9
|
|t:|1711943547
|-terastallize|p2a: Torterra|Rock
|move|p1a: Incineroar|Parting Shot|p2a: Torterra
|-unboost|p2a: Torterra|atk|1
|-unboost|p2a: Torterra|spa|1
|
|t:|1711943553
|switch|p1a: Arboliva|Arboliva, M|100/100|[from] Parting Shot
|move|p2a: Torterra|Facade|p1a: Arboliva
|-damage|p1a: Arboliva|57/100
|-fieldstart|move: Grassy Terrain|[from] ability: Seed Sower|[of] p1a: Arboliva
|-enditem|p1a: Arboliva|Grassy Seed
|-boost|p1a: Arboliva|def|1|[from] item: Grassy Seed
|-damage|p2a: Torterra|85/100 brn|[from] item: Life Orb
|
|-heal|p2a: Torterra|91/100 brn|[from] Grassy Terrain
|-heal|p1a: Arboliva|63/100|[from] Grassy Terrain
|-damage|p2a: Torterra|85/100 brn|[from] brn
|upkeep
|turn|10
|
|t:|1711943588
|move|p2a: Torterra|Facade|p1a: Arboliva
|-damage|p1a: Arboliva|36/100
|-damage|p2a: Torterra|75/100 brn|[from] item: Life Orb
|move|p1a: Arboliva|Giga Drain|p2a: Torterra
|-supereffective|p2a: Torterra
|-damage|p2a: Torterra|0 fnt
|-heal|p1a: Arboliva|76/100|[from] drain|[of] p2a: Torterra
|faint|p2a: Torterra
|
|-heal|p1a: Arboliva|82/100|[from] Grassy Terrain
|upkeep
|
|t:|1711943669
|switch|p2a: Fezandipiti|Fezandipiti, M|100/100
|turn|11
|
|t:|1711943688
|move|p2a: Fezandipiti|Alluring Voice|p1a: Arboliva
|-damage|p1a: Arboliva|60/100
|-status|p1a: Arboliva|tox|[from] ability: Toxic Chain|[of] p2a: Fezandipiti
|move|p1a: Arboliva|Earth Power|p2a: Fezandipiti
|-supereffective|p2a: Fezandipiti
|-crit|p2a: Fezandipiti
|-damage|p2a: Fezandipiti|15/100
|
|-heal|p2a: Fezandipiti|21/100|[from] Grassy Terrain
|-heal|p2a: Fezandipiti|27/100|[from] item: Leftovers
|-heal|p1a: Arboliva|66/100 tox|[from] Grassy Terrain
|-damage|p1a: Arboliva|60/100 tox|[from] psn
|upkeep
|turn|12
|
|t:|1711943717
|move|p2a: Fezandipiti|Hex|p1a: Arboliva
|-immune|p1a: Arboliva
|move|p1a: Arboliva|Giga Drain|p2a: Fezandipiti
|-resisted|p2a: Fezandipiti
|-damage|p2a: Fezandipiti|5/100
|-heal|p1a: Arboliva|70/100 tox|[from] drain|[of] p2a: Fezandipiti
|
|-heal|p2a: Fezandipiti|11/100|[from] Grassy Terrain
|-heal|p2a: Fezandipiti|17/100|[from] item: Leftovers
|-heal|p1a: Arboliva|76/100 tox|[from] Grassy Terrain
|-damage|p1a: Arboliva|63/100 tox|[from] psn
|upkeep
|turn|13
|
|t:|1711943747
|move|p2a: Fezandipiti|Light Screen|p2a: Fezandipiti
|-sidestart|p2: Starmedial|move: Light Screen
|move|p1a: Arboliva|Earth Power|p2a: Fezandipiti
|-supereffective|p2a: Fezandipiti
|-damage|p2a: Fezandipiti|0 fnt
|faint|p2a: Fezandipiti
|
|-heal|p1a: Arboliva|70/100 tox|[from] Grassy Terrain
|-damage|p1a: Arboliva|51/100 tox|[from] psn
|-fieldend|move: Grassy Terrain
|upkeep
|
|t:|1711943787
|switch|p2a: Cresselia|Cresselia, F|100/100
|turn|14
|
|t:|1711943834
|switch|p1a: Incineroar|Incineroar, F|51/100
|-ability|p1a: Incineroar|Intimidate|boost
|-unboost|p2a: Cresselia|atk|1
|move|p2a: Cresselia|Body Slam|p1a: Incineroar
|-damage|p1a: Incineroar|42/100
|-status|p1a: Incineroar|par
|
|-heal|p1a: Incineroar|48/100 par|[from] item: Leftovers
|upkeep
|turn|15
|
|t:|1711943856
|move|p2a: Cresselia|Dazzling Gleam|p1a: Incineroar
|-damage|p1a: Incineroar|34/100 par
|move|p1a: Incineroar|Knock Off|p2a: Cresselia
|-supereffective|p2a: Cresselia
|-damage|p2a: Cresselia|28/100
|-enditem|p2a: Cresselia|Heavy-Duty Boots|[from] move: Knock Off|[of] p1a: Incineroar
|
|-heal|p1a: Incineroar|40/100 par|[from] item: Leftovers
|upkeep
|turn|16
|
|t:|1711943871
|move|p2a: Cresselia|Dazzling Gleam|p1a: Incineroar
|-damage|p1a: Incineroar|25/100 par
|cant|p1a: Incineroar|par
|
|-heal|p1a: Incineroar|31/100 par|[from] item: Leftovers
|upkeep
|turn|17
|
|t:|1711943887
|switch|p2a: Blastoise|Blastoise, F|62/100
|move|p1a: Incineroar|Knock Off|p2a: Blastoise
|-damage|p2a: Blastoise|38/100
|
|-heal|p1a: Incineroar|37/100 par|[from] item: Leftovers
|-sideend|p2: Starmedial|move: Light Screen
|upkeep
|turn|18
|
|t:|1711943900
|move|p2a: Blastoise|Liquidation|p1a: Incineroar
|-supereffective|p1a: Incineroar
|-damage|p1a: Incineroar|0 fnt
|faint|p1a: Incineroar
|
|upkeep
|
|t:|1711943903
|switch|p1a: Arboliva|Arboliva, M|51/100 tox
|turn|19
|
|t:|1711943983
|move|p2a: Blastoise|Body Slam|p1a: Arboliva
|-damage|p1a: Arboliva|29/100 tox
|-fieldstart|move: Grassy Terrain|[from] ability: Seed Sower|[of] p1a: Arboliva
|move|p1a: Arboliva|Giga Drain|p2a: Blastoise
|-supereffective|p2a: Blastoise
|-damage|p2a: Blastoise|0 fnt
|-heal|p1a: Arboliva|48/100 tox|[from] drain|[of] p2a: Blastoise
|faint|p2a: Blastoise
|
|-heal|p1a: Arboliva|54/100 tox|[from] Grassy Terrain
|-damage|p1a: Arboliva|48/100 tox|[from] psn
|upkeep
|
|t:|1711943994
|switch|p2a: Cresselia|Cresselia, F|28/100
|turn|20
|
|t:|1711944009
|move|p2a: Cresselia|Body Slam|p1a: Arboliva
|-damage|p1a: Arboliva|33/100 tox
|move|p1a: Arboliva|Giga Drain|p2a: Cresselia
|-damage|p2a: Cresselia|0 fnt
|-heal|p1a: Arboliva|47/100 tox|[from] drain|[of] p2a: Cresselia
|faint|p2a: Cresselia
|
|win|FireFlamingo
|c|☆FireFlamingo|ggs!
