{"id":"gen9ubers-2093353776","format":"[Gen 9] Ubers","players":["LKJX","Tybizzz"],"log":"|html|<div class=\"broadcast-blue\"><strong>[Gen 9] Ubers is currently suspecting Last Respects! For information on how to participate check out the <a href=\"https:\/\/www.smogon.com\/forums\/threads\/np-sv-ubers-stage-3-respect.3739544\/\">suspect thread<\/a>.<\/strong><\/div>\n|j|\u2606LKJX\n|j|\u2606Tybizzz\n|t:|1711943398\n|gametype|singles\n|player|p1|LKJX|n|1243\n|player|p2|Tybizzz|flint|1224\n|teamsize|p1|6\n|teamsize|p2|6\n|gen|9\n|tier|[Gen 9] Ubers\n|rated|\n|rule|Sleep Clause Mod: Limit one foe put to sleep\n|rule|Species Clause: Limit one of each Pok\u00e9mon\n|rule|OHKO Clause: OHKO moves are banned\n|rule|Evasion Items Clause: Evasion items are banned\n|rule|Evasion Moves Clause: Evasion moves are banned\n|rule|Endless Battle Clause: Forcing endless battles is banned\n|rule|HP Percentage Mod: HP is shown in percentages\n|clearpoke\n|poke|p1|Ribombee, M|\n|poke|p1|Iron Treads|\n|poke|p1|Mewtwo|\n|poke|p1|Kyurem-Black|\n|poke|p1|Indeedee, M|\n|poke|p1|Darkrai|\n|poke|p2|Rayquaza|\n|poke|p2|Arceus-Steel|\n|poke|p2|Kyogre|\n|poke|p2|Lugia|\n|poke|p2|Giratina|\n|poke|p2|Landorus-Therian, M|\n|teampreview\n|inactive|Battle timer is ON: inactive players will automatically lose when time's up. (requested by LKJX)\n|\n|t:|1711943407\n|start\n|switch|p1a: Ribombee|Ribombee, M, shiny|100\/100\n|switch|p2a: Landorus|Landorus-Therian, M|100\/100\n|-ability|p2a: Landorus|Intimidate|boost\n|-unboost|p1a: Ribombee|atk|1\n|turn|1\n|inactive|LKJX has 120 seconds left.\n|inactive|LKJX has 90 seconds left.\n|inactive|LKJX has 60 seconds left.\n|\n|t:|1711943503\n|move|p1a: Ribombee|Stun Spore|p2a: Landorus|[miss]\n|-miss|p1a: Ribombee|p2a: Landorus\n|move|p2a: Landorus|Stealth Rock|p1a: Ribombee\n|-sidestart|p1: LKJX|move: Stealth Rock\n|\n|upkeep\n|turn|2\n|inactive|LKJX has 60 seconds left.\n|\n|t:|1711943509\n|move|p1a: Ribombee|Stun Spore|p2a: Landorus\n|-status|p2a: Landorus|par\n|move|p2a: Landorus|Earthquake|p1a: Ribombee\n|-resisted|p1a: Ribombee\n|-damage|p1a: Ribombee|57\/100\n|\n|upkeep\n|turn|3\n|\n|t:|1711943516\n|move|p1a: Ribombee|Sticky Web|p2a: Landorus\n|-sidestart|p2: Tybizzz|move: Sticky Web\n|move|p2a: Landorus|U-turn|p1a: Ribombee\n|-resisted|p1a: Ribombee\n|-damage|p1a: Ribombee|33\/100\n|\n|t:|1711943525\n|switch|p2a: Rayquaza|Rayquaza|100\/100|[from] U-turn\n|-ability|p2a: Rayquaza|Air Lock\n|\n|upkeep\n|turn|4\n|\n|t:|1711943533\n|switch|p1a: Iron Treads|Iron Treads, shiny|100\/100\n|-damage|p1a: Iron Treads|97\/100|[from] Stealth Rock\n|move|p2a: Rayquaza|Extreme Speed|p1a: Iron Treads\n|-resisted|p1a: Iron Treads\n|-damage|p1a: Iron Treads|81\/100\n|-enditem|p1a: Iron Treads|Red Card|[of] p2a: Rayquaza\n|drag|p2a: Arceus|Arceus-Steel|100\/100\n|-activate|p2a: Arceus|move: Sticky Web\n|-unboost|p2a: Arceus|spe|1\n|\n|upkeep\n|turn|5\n|\n|t:|1711943556\n|switch|p2a: Giratina|Giratina|100\/100\n|-activate|p2a: Giratina|move: Sticky Web\n|-unboost|p2a: Giratina|spe|1\n|-ability|p2a: Giratina|Pressure\n|-end|p1a: Iron Treads|Quark Drive|[silent]\n|switch|p1a: Mewtwo|Mewtwo|100\/100\n|-ability|p1a: Mewtwo|Unnerve\n|-damage|p1a: Mewtwo|88\/100|[from] Stealth Rock\n|\n|upkeep\n|turn|6\n|\n|t:|1711943567\n|move|p1a: Mewtwo|Taunt|p2a: Giratina\n|-start|p2a: Giratina|move: Taunt\n|move|p2a: Giratina|Dragon Tail|p1a: Mewtwo\n|-damage|p1a: Mewtwo|68\/100\n|drag|p1a: Kyurem|Kyurem-Black, shiny|100\/100\n|-damage|p1a: Kyurem|76\/100|[from] Stealth Rock\n|-ability|p1a: Kyurem|Teravolt\n|\n|upkeep\n|turn|7\n|\n|t:|1711943581\n|switch|p1a: Ribombee|Ribombee, M, shiny|33\/100\n|-damage|p1a: Ribombee|8\/100|[from] Stealth Rock\n|switch|p2a: Arceus|Arceus-Steel|100\/100\n|-activate|p2a: Arceus|move: Sticky Web\n|-unboost|p2a: Arceus|spe|1\n|\n|upkeep\n|turn|8\n|\n|t:|1711943590\n|move|p1a: Ribombee|Stun Spore|p2a: Arceus|[miss]\n|-miss|p1a: Ribombee|p2a: Arceus\n|move|p2a: Arceus|Judgment|p1a: Ribombee\n|-supereffective|p1a: Ribombee\n|-damage|p1a: Ribombee|0 fnt\n|faint|p1a: Ribombee\n|\n|upkeep\n|\n|t:|1711943600\n|switch|p1a: Mewtwo|Mewtwo|68\/100\n|-ability|p1a: Mewtwo|Unnerve\n|-damage|p1a: Mewtwo|55\/100|[from] Stealth Rock\n|turn|9\n|\n|t:|1711943606\n|move|p1a: Mewtwo|Thunder Wave|p2a: Arceus\n|-status|p2a: Arceus|par\n|move|p2a: Arceus|Judgment|p1a: Mewtwo\n|-damage|p1a: Mewtwo|15\/100\n|\n|upkeep\n|turn|10\n|\n|t:|1711943613\n|move|p1a: Mewtwo|Light Screen|p1a: Mewtwo\n|-sidestart|p1: LKJX|move: Light Screen\n|move|p2a: Arceus|Judgment|p1a: Mewtwo\n|-damage|p1a: Mewtwo|0 fnt\n|faint|p1a: Mewtwo\n|\n|upkeep\n|\n|t:|1711943625\n|switch|p1a: Kyurem|Kyurem-Black, shiny|76\/100\n|-damage|p1a: Kyurem|51\/100|[from] Stealth Rock\n|-ability|p1a: Kyurem|Teravolt\n|turn|11\n|\n|t:|1711943631\n|move|p1a: Kyurem|Dragon Dance|p1a: Kyurem\n|-boost|p1a: Kyurem|atk|1\n|-boost|p1a: Kyurem|spe|1\n|move|p2a: Arceus|Judgment|p1a: Kyurem\n|-supereffective|p1a: Kyurem\n|-damage|p1a: Kyurem|3\/100\n|\n|upkeep\n|turn|12\n|\n|t:|1711943644\n|switch|p2a: Landorus|Landorus-Therian, M|100\/100 par\n|-ability|p2a: Landorus|Intimidate|boost\n|-unboost|p1a: Kyurem|atk|1\n|move|p1a: Kyurem|Fusion Bolt|p2a: Landorus\n|-immune|p2a: Landorus\n|\n|upkeep\n|turn|13\n|\n|t:|1711943662\n|switch|p1a: Indeedee|Indeedee, M|100\/100\n|-damage|p1a: Indeedee|88\/100|[from] Stealth Rock\n|-fieldstart|move: Psychic Terrain|[from] ability: Psychic Surge|[of] p1a: Indeedee\n|move|p2a: Landorus|Earthquake|p1a: Indeedee\n|-damage|p1a: Indeedee|2\/100\n|\n|upkeep\n|turn|14\n|\n|t:|1711943673\n|move|p1a: Indeedee|Healing Wish|p1a: Indeedee\n|faint|p1a: Indeedee\n|move|p2a: Landorus|U-turn|p1: Indeedee|[notarget]\n|-fail|p2a: Landorus\n|\n|upkeep\n|\n|t:|1711943678\n|switch|p1a: Kyurem|Kyurem-Black, shiny|3\/100\n|-heal|p1a: Kyurem|100\/100|[from] move: Healing Wish\n|-damage|p1a: Kyurem|76\/100|[from] Stealth Rock\n|-ability|p1a: Kyurem|Teravolt\n|turn|15\n|\n|t:|1711943688\n|move|p1a: Kyurem|Dragon Dance|p1a: Kyurem\n|-boost|p1a: Kyurem|atk|1\n|-boost|p1a: Kyurem|spe|1\n|move|p2a: Landorus|Earthquake|p1a: Kyurem\n|-damage|p1a: Kyurem|33\/100\n|\n|upkeep\n|turn|16\n|\n|t:|1711943696\n|move|p1a: Kyurem|Icicle Spear|p2a: Landorus\n|-supereffective|p2a: Landorus\n|-damage|p2a: Landorus|0 fnt\n|faint|p2a: Landorus\n|-hitcount|p2: Landorus|1\n|\n|upkeep\n|\n|t:|1711943699\n|switch|p2a: Rayquaza|Rayquaza|100\/100\n|-ability|p2a: Rayquaza|Air Lock\n|turn|17\n|\n|t:|1711943705\n|move|p2a: Rayquaza|Extreme Speed|p1a: Kyurem\n|-activate|p1a: Kyurem|move: Psychic Terrain\n|move|p1a: Kyurem|Icicle Spear|p2a: Rayquaza\n|-supereffective|p2a: Rayquaza\n|-damage|p2a: Rayquaza|0 fnt\n|faint|p2a: Rayquaza\n|-hitcount|p2: Rayquaza|1\n|\n|-sideend|p1: LKJX|move: Light Screen\n|upkeep\n|\n|t:|1711943716\n|switch|p2a: Arceus|Arceus-Steel|100\/100 par\n|-activate|p2a: Arceus|move: Sticky Web\n|-unboost|p2a: Arceus|spe|1\n|turn|18\n|\n|t:|1711943722\n|-terastallize|p1a: Kyurem|Electric\n|move|p1a: Kyurem|Fusion Bolt|p2a: Arceus\n|-damage|p2a: Arceus|32\/100 par\n|cant|p2a: Arceus|par\n|\n|upkeep\n|turn|19\n|\n|t:|1711943731\n|move|p1a: Kyurem|Scale Shot|p2a: Arceus\n|-resisted|p2a: Arceus\n|-damage|p2a: Arceus|23\/100 par\n|-resisted|p2a: Arceus\n|-damage|p2a: Arceus|14\/100 par\n|-resisted|p2a: Arceus\n|-damage|p2a: Arceus|6\/100 par\n|-resisted|p2a: Arceus\n|-damage|p2a: Arceus|0 fnt\n|faint|p2a: Arceus\n|-hitcount|p2: Arceus|4\n|-unboost|p1a: Kyurem|def|1\n|-boost|p1a: Kyurem|spe|1\n|\n|upkeep\n|\n|t:|1711943742\n|switch|p2a: Kyogre|Kyogre|100\/100\n|-activate|p2a: Kyogre|move: Sticky Web\n|-unboost|p2a: Kyogre|spe|1\n|-weather|RainDance|[from] ability: Drizzle|[of] p2a: Kyogre\n|turn|20\n|\n|t:|1711943768\n|move|p1a: Kyurem|Fusion Bolt|p2a: Kyogre\n|-supereffective|p2a: Kyogre\n|-damage|p2a: Kyogre|0 fnt\n|faint|p2a: Kyogre\n|\n|-weather|RainDance|[upkeep]\n|-fieldend|move: Psychic Terrain\n|upkeep\n|\n|t:|1711943772\n|switch|p2a: Giratina|Giratina|100\/100\n|-activate|p2a: Giratina|move: Sticky Web\n|-unboost|p2a: Giratina|spe|1\n|-ability|p2a: Giratina|Pressure\n|turn|21\n|inactive|LKJX has 120 seconds left.\n|\n|t:|1711943787\n|-terastallize|p2a: Giratina|Fairy\n|move|p1a: Kyurem|Icicle Spear|p2a: Giratina\n|-damage|p2a: Giratina|89\/100\n|-damage|p2a: Giratina|77\/100\n|-damage|p2a: Giratina|66\/100\n|-damage|p2a: Giratina|54\/100\n|-damage|p2a: Giratina|44\/100\n|-hitcount|p2a: Giratina|5\n|move|p2a: Giratina|Dragon Tail|p1a: Kyurem\n|-damage|p1a: Kyurem|7\/100\n|drag|p1a: Darkrai|Darkrai|100\/100\n|-damage|p1a: Darkrai|88\/100|[from] Stealth Rock\n|\n|-weather|RainDance|[upkeep]\n|-heal|p2a: Giratina|50\/100|[from] item: Leftovers\n|upkeep\n|turn|22\n|inactive|LKJX has 120 seconds left.\n|\n|t:|1711943804\n|move|p1a: Darkrai|Hypnosis|p2a: Giratina|[miss]\n|-miss|p1a: Darkrai|p2a: Giratina\n|move|p2a: Giratina|Dragon Tail|p1a: Darkrai\n|-damage|p1a: Darkrai|58\/100\n|drag|p1a: Kyurem|Kyurem-Black, shiny, tera:Electric|7\/100\n|-damage|p1a: Kyurem|0 fnt|[from] Stealth Rock\n|faint|p1a: Kyurem\n|\n|-weather|RainDance|[upkeep]\n|-heal|p2a: Giratina|56\/100|[from] item: Leftovers\n|upkeep\n|\n|t:|1711943817\n|switch|p1a: Iron Treads|Iron Treads, shiny|81\/100\n|-damage|p1a: Iron Treads|78\/100|[from] Stealth Rock\n|turn|23\n|\n|t:|1711943827\n|move|p1a: Iron Treads|Rapid Spin|p2a: Giratina\n|-crit|p2a: Giratina\n|-damage|p2a: Giratina|48\/100\n|-boost|p1a: Iron Treads|spe|1\n|-sideend|p1: LKJX|Stealth Rock|[from] move: Rapid Spin|[of] p1a: Iron Treads\n|move|p2a: Giratina|Rest|p2a: Giratina\n|-status|p2a: Giratina|slp|[from] move: Rest\n|-heal|p2a: Giratina|100\/100 slp|[silent]\n|\n|-weather|RainDance|[upkeep]\n|upkeep\n|turn|24\n|\n|t:|1711943843\n|-end|p1a: Iron Treads|Quark Drive|[silent]\n|switch|p1a: Darkrai|Darkrai|58\/100\n|cant|p2a: Giratina|slp\n|\n|-weather|none\n|-damage|p2a: Giratina|88\/100 slp|[from] ability: Bad Dreams|[of] p1a: Darkrai\n|upkeep\n|turn|25\n|\n|t:|1711943852\n|move|p1a: Darkrai|Nasty Plot|p1a: Darkrai\n|-boost|p1a: Darkrai|spa|2\n|cant|p2a: Giratina|slp\n|\n|-heal|p2a: Giratina|94\/100 slp|[from] item: Leftovers\n|-damage|p2a: Giratina|82\/100 slp|[from] ability: Bad Dreams|[of] p1a: Darkrai\n|upkeep\n|turn|26\n|\n|t:|1711943861\n|move|p1a: Darkrai|Blizzard|p2a: Giratina\n|-damage|p2a: Giratina|34\/100 slp\n|-curestatus|p2a: Giratina|slp|[msg]\n|move|p2a: Giratina|Dragon Tail|p1a: Darkrai\n|-damage|p1a: Darkrai|32\/100\n|drag|p1a: Iron Treads|Iron Treads, shiny|78\/100\n|\n|-heal|p2a: Giratina|40\/100|[from] item: Leftovers\n|upkeep\n|turn|27\n|inactive|LKJX has 120 seconds left.\n|\n|t:|1711943873\n|move|p1a: Iron Treads|Earthquake|p2a: Giratina\n|-damage|p2a: Giratina|24\/100\n|move|p2a: Giratina|Dragon Tail|p1a: Iron Treads\n|-resisted|p1a: Iron Treads\n|-damage|p1a: Iron Treads|70\/100\n|-end|p1a: Iron Treads|Quark Drive|[silent]\n|drag|p1a: Darkrai|Darkrai|32\/100\n|\n|-heal|p2a: Giratina|30\/100|[from] item: Leftovers\n|upkeep\n|turn|28\n|inactive|LKJX has 120 seconds left.\n|\n|t:|1711943883\n|move|p1a: Darkrai|Hypnosis|p2a: Giratina|[miss]\n|-miss|p1a: Darkrai|p2a: Giratina\n|move|p2a: Giratina|Rest|p2a: Giratina\n|-status|p2a: Giratina|slp|[from] move: Rest\n|-heal|p2a: Giratina|100\/100 slp|[silent]\n|\n|-damage|p2a: Giratina|88\/100 slp|[from] ability: Bad Dreams|[of] p1a: Darkrai\n|upkeep\n|turn|29\n|inactive|LKJX has 120 seconds left.\n|\n|t:|1711943892\n|move|p1a: Darkrai|Nasty Plot|p1a: Darkrai\n|-boost|p1a: Darkrai|spa|2\n|cant|p2a: Giratina|slp\n|\n|-heal|p2a: Giratina|94\/100 slp|[from] item: Leftovers\n|-damage|p2a: Giratina|82\/100 slp|[from] ability: Bad Dreams|[of] p1a: Darkrai\n|upkeep\n|turn|30\n|\n|t:|1711943902\n|move|p1a: Darkrai|Nasty Plot|p1a: Darkrai\n|-boost|p1a: Darkrai|spa|2\n|cant|p2a: Giratina|slp\n|\n|-heal|p2a: Giratina|88\/100 slp|[from] item: Leftovers\n|-damage|p2a: Giratina|75\/100 slp|[from] ability: Bad Dreams|[of] p1a: Darkrai\n|upkeep\n|turn|31\n|\n|t:|1711943913\n|move|p1a: Darkrai|Blizzard|p2a: Giratina\n|-damage|p2a: Giratina|0 fnt\n|faint|p2a: Giratina\n|\n|upkeep\n|\n|t:|1711943916\n|switch|p2a: Lugia|Lugia|100\/100\n|turn|32\n|\n|t:|1711943921\n|move|p1a: Darkrai|Dark Pulse|p2a: Lugia\n|-supereffective|p2a: Lugia\n|-damage|p2a: Lugia|36\/100\n|move|p2a: Lugia|Aeroblast|p1a: Darkrai|[miss]\n|-miss|p2a: Lugia|p1a: Darkrai\n|\n|upkeep\n|turn|33\n|-message|Tybizzz forfeited.\n|\n|win|LKJX\n|raw|LKJX's rating: 1243 &rarr; <strong>1267<\/strong><br \/>(+24 for winning)\n|raw|Tybizzz's rating: 1224 &rarr; <strong>1200<\/strong><br \/>(-24 for losing)\n|l|\u2606Tybizzz\n|player|p2|\n","uploadtime":1711943938,"views":4,"formatid":"gen9ubers","rating":1200,"private":0,"password":null}