|html|<div class="broadcast-blue"><strong>[Gen 9] Ubers is currently suspecting Last Respects! For information on how to participate check out the <a href="https://www.smogon.com/forums/threads/np-sv-ubers-stage-3-respect.3739544/">suspect thread</a>.</strong></div>
|j|☆mrpiko96
|j|☆Tryanboyd
|t:|1711941019
|gametype|singles
|player|p1|mrpiko96|cynthia-masters|1030
|player|p2|Tryanboyd|1|1000
|teamsize|p1|6
|teamsize|p2|6
|gen|9
|tier|[Gen 9] Ubers
|rated|
|rule|Sleep Clause Mod: Limit one foe put to sleep
|rule|Species Clause: Limit one of each Pokémon
|rule|OHKO Clause: OHKO moves are banned
|rule|Evasion Items Clause: Evasion items are banned
|rule|Evasion Moves Clause: Evasion moves are banned
|rule|Endless Battle Clause: Forcing endless battles is banned
|rule|HP Percentage Mod: HP is shown in percentages
|clearpoke
|poke|p1|Hippowdon, F|
|poke|p1|Magearna|
|poke|p1|Houndstone, M|
|poke|p1|Amoonguss, M|
|poke|p1|Garganacl, M|
|poke|p1|Tornadus-Therian, M|
|poke|p2|Greninja-*, M|
|poke|p2|Darkrai|
|poke|p2|Gallade, M|
|poke|p2|Gardevoir, F|
|poke|p2|Torterra, F|
|poke|p2|Gengar, M|
|teampreview
|inactive|Battle timer is ON: inactive players will automatically lose when time's up. (requested by mrpiko96)
|inactive|mrpiko96 has 120 seconds left.
|
|t:|1711941070
|start
|switch|p1a: Amoonguss|Amoonguss, M|100/100
|switch|p2a: Gengar|Gengar, M|100/100
|turn|1
|inactive|Tryanboyd has 120 seconds left.
|
|t:|1711941108
|move|p2a: Gengar|Fire Punch|p1a: Amoonguss
|-supereffective|p1a: Amoonguss
|-damage|p1a: Amoonguss|77/100
|move|p1a: Amoonguss|Spore|p2a: Gengar
|-status|p2a: Gengar|slp|[from] move: Spore
|
|upkeep
|turn|2
|inactive|Tryanboyd has 120 seconds left.
|
|t:|1711941126
|switch|p2a: Darkrai|Darkrai|100/100
|move|p1a: Amoonguss|Foul Play|p2a: Darkrai
|-resisted|p2a: Darkrai
|-damage|p2a: Darkrai|88/100
|
|-status|p2a: Darkrai|tox|[from] item: Toxic Orb
|upkeep
|turn|3
|inactive|Tryanboyd has 120 seconds left.
|inactive|mrpiko96 has 120 seconds left.
|c|☆mrpiko96|why do u have toxic Orb?
|c|☆mrpiko96|is this a gimic idk about
|
|t:|1711941167
|move|p2a: Darkrai|Trick|p1a: Amoonguss
|-activate|p2a: Darkrai|move: Trick|[of] p1a: Amoonguss
|-item|p1a: Amoonguss|Toxic Orb|[from] move: Trick
|-item|p2a: Darkrai|Heavy-Duty Boots|[from] move: Trick
|move|p1a: Amoonguss|Clear Smog|p2a: Darkrai
|-damage|p2a: Darkrai|70/100 tox
|-clearboost|p2a: Darkrai
|
|-damage|p2a: Darkrai|64/100 tox|[from] psn
|upkeep
|turn|4
|c|☆mrpiko96|oh
|inactive|Tryanboyd has 120 seconds left.
|c|☆mrpiko96|trick
|
|t:|1711941187
|move|p2a: Darkrai|Dark Void|p1a: Amoonguss
|-status|p1a: Amoonguss|slp|[from] move: Dark Void
|cant|p1a: Amoonguss|slp
|
|-damage|p2a: Darkrai|52/100 tox|[from] psn
|-damage|p1a: Amoonguss|64/100 slp|[from] ability: Bad Dreams|[of] p2a: Darkrai
|upkeep
|turn|5
|inactive|Tryanboyd has 120 seconds left.
|
|t:|1711941197
|move|p2a: Darkrai|Dream Eater|p1a: Amoonguss
|-supereffective|p1a: Amoonguss
|-damage|p1a: Amoonguss|8/100 slp
|-heal|p2a: Darkrai|87/100 tox|[from] drain|[of] p1a: Amoonguss
|cant|p1a: Amoonguss|slp
|
|-damage|p2a: Darkrai|69/100 tox|[from] psn
|-damage|p1a: Amoonguss|0 fnt|[from] ability: Bad Dreams|[of] p2a: Darkrai
|faint|p1a: Amoonguss
|upkeep
|inactive|mrpiko96 has 90 seconds left.
|
|t:|1711941216
|switch|p1a: Magearna|Magearna|100/100
|turn|6
|inactive|mrpiko96 has 90 seconds left.
|inactive|Tryanboyd has 120 seconds left.
|
|t:|1711941232
|move|p2a: Darkrai|Dark Void|p1a: Magearna
|-status|p1a: Magearna|slp|[from] move: Dark Void
|cant|p1a: Magearna|slp
|
|-damage|p2a: Darkrai|44/100 tox|[from] psn
|-damage|p1a: Magearna|88/100 slp|[from] ability: Bad Dreams|[of] p2a: Darkrai
|upkeep
|turn|7
|inactive|mrpiko96 has 90 seconds left.
|inactive|Tryanboyd has 120 seconds left.
|
|t:|1711941246
|move|p2a: Darkrai|Dream Eater|p1a: Magearna
|-resisted|p1a: Magearna
|-damage|p1a: Magearna|79/100 slp
|-heal|p2a: Darkrai|49/100 tox|[from] drain|[of] p1a: Magearna
|-curestatus|p1a: Magearna|slp|[msg]
|move|p1a: Magearna|Encore|p2a: Darkrai
|-start|p2a: Darkrai|Encore
|
|-damage|p2a: Darkrai|19/100 tox|[from] psn
|upkeep
|turn|8
|inactive|mrpiko96 has 90 seconds left.
|inactive|Tryanboyd has 120 seconds left.
|
|t:|1711941282
|switch|p2a: Gengar|Gengar, M|100/100 slp
|move|p1a: Magearna|Volt Switch|p2a: Gengar
|-damage|p2a: Gengar|67/100 slp
|
|t:|1711941307
|switch|p1a: Garganacl|Garganacl, M|100/100|[from] Volt Switch
|
|upkeep
|turn|9
|
|t:|1711941318
|cant|p2a: Gengar|slp
|move|p1a: Garganacl|Earthquake|p2a: Gengar
|-supereffective|p2a: Gengar
|-damage|p2a: Gengar|0 fnt
|faint|p2a: Gengar
|
|upkeep
|
|t:|1711941326
|switch|p2a: Torterra|Torterra, F|100/100
|turn|10
|inactive|mrpiko96 has 90 seconds left.
|
|t:|1711941342
|switch|p1a: Tornadus|Tornadus-Therian, M|100/100
|move|p2a: Torterra|Heavy Slam|p1a: Tornadus
|-damage|p1a: Tornadus|63/100
|
|upkeep
|turn|11
|
|t:|1711941351
|move|p1a: Tornadus|Icy Wind|p2a: Torterra
|-supereffective|p2a: Torterra
|-damage|p2a: Torterra|66/100
|-unboost|p2a: Torterra|spe|1
|move|p2a: Torterra|Rock Slide|p1a: Tornadus
|-supereffective|p1a: Tornadus
|-damage|p1a: Tornadus|10/100
|
|upkeep
|turn|12
|inactive|mrpiko96 has 90 seconds left.
|l|☆mrpiko96
|inactive|mrpiko96 disconnected and has a minute to reconnect!
|player|p1|
|j|☆mrpiko96
|inactive|mrpiko96 reconnected and has 65 seconds left.
|player|p1|mrpiko96|cynthia-masters
|inactive|mrpiko96 has 60 seconds left.
|
|t:|1711941389
|move|p1a: Tornadus|U-turn|p2a: Torterra
|-supereffective|p2a: Torterra
|-damage|p2a: Torterra|41/100
|inactive|mrpiko96 has 60 seconds left.
|
|t:|1711941398
|switch|p1a: Magearna|Magearna|79/100|[from] U-turn
|move|p2a: Torterra|Leaf Storm|p1a: Magearna
|-resisted|p1a: Magearna
|-damage|p1a: Magearna|68/100
|-unboost|p2a: Torterra|spa|2
|
|upkeep
|turn|13
|inactive|mrpiko96 has 60 seconds left.
|inactive|Tryanboyd has 120 seconds left.
|l|☆mrpiko96
|inactive|mrpiko96 disconnected and has a minute to reconnect!
|player|p1|
|j|☆mrpiko96
|inactive|mrpiko96 reconnected.
|player|p1|mrpiko96|cynthia-masters
|inactive|Tryanboyd has 90 seconds left.
|
|t:|1711941443
|-terastallize|p1a: Magearna|Flying
|move|p1a: Magearna|Fleur Cannon|p2a: Torterra
|-damage|p2a: Torterra|2/100
|-unboost|p1a: Magearna|spa|2
|move|p2a: Torterra|Rock Slide|p1a: Magearna
|-supereffective|p1a: Magearna
|-damage|p1a: Magearna|25/100
|
|upkeep
|turn|14
|inactive|mrpiko96 has 60 seconds left.
|inactive|Tryanboyd has 90 seconds left.
|
|t:|1711941475
|switch|p2a: Greninja|Greninja, M|100/100
|move|p1a: Magearna|Fleur Cannon|p2a: Greninja
|-supereffective|p2a: Greninja
|-damage|p2a: Greninja|17/100
|-unboost|p1a: Magearna|spa|2
|
|upkeep
|turn|15
|
|t:|1711941495
|move|p2a: Greninja|Rock Slide|p1a: Magearna
|-supereffective|p1a: Magearna
|-damage|p1a: Magearna|0 fnt
|faint|p1a: Magearna
|-ability|p2a: Greninja|Battle Bond|boost
|-boost|p2a: Greninja|atk|1
|-boost|p2a: Greninja|spa|1
|-boost|p2a: Greninja|spe|1
|-activate|p2a: Greninja|ability: Battle Bond
|
|upkeep
|
|t:|1711941507
|switch|p1a: Garganacl|Garganacl, M|100/100
|turn|16
|
|t:|1711941515
|move|p2a: Greninja|Water Shuriken|p1a: Garganacl
|-supereffective|p1a: Garganacl
|-damage|p1a: Garganacl|88/100
|-supereffective|p1a: Garganacl
|-damage|p1a: Garganacl|75/100
|-supereffective|p1a: Garganacl
|-damage|p1a: Garganacl|61/100
|-supereffective|p1a: Garganacl
|-damage|p1a: Garganacl|48/100
|-hitcount|p1a: Garganacl|4
|move|p1a: Garganacl|Salt Cure|p2a: Greninja
|-damage|p2a: Greninja|0 fnt
|faint|p2a: Greninja
|
|upkeep
|
|t:|1711941536
|switch|p2a: Gallade|Gallade, M|100/100
|turn|17
|inactive|mrpiko96 has 60 seconds left.
|
|t:|1711941544
|switch|p1a: Tornadus|Tornadus-Therian, M|43/100
|move|p2a: Gallade|Aqua Cutter|p1a: Tornadus
|-damage|p1a: Tornadus|5/100
|
|upkeep
|turn|18
|inactive|mrpiko96 has 60 seconds left.
|
|t:|1711941556
|move|p1a: Tornadus|Bleakwind Storm|p2a: Gallade
|-supereffective|p2a: Gallade
|-damage|p2a: Gallade|16/100
|move|p2a: Gallade|Expanding Force|p1a: Tornadus
|-damage|p1a: Tornadus|0 fnt
|faint|p1a: Tornadus
|
|-heal|p2a: Gallade|22/100|[from] item: Leftovers
|upkeep
|inactive|mrpiko96 has 60 seconds left.
|
|t:|1711941564
|switch|p1a: Hippowdon|Hippowdon, F|100/100
|-weather|Sandstorm|[from] ability: Sand Stream|[of] p1a: Hippowdon
|turn|19
|inactive|Tryanboyd has 90 seconds left.
|
|t:|1711941586
|move|p2a: Gallade|Aqua Cutter|p1a: Hippowdon
|-supereffective|p1a: Hippowdon
|-crit|p1a: Hippowdon
|-damage|p1a: Hippowdon|41/100
|move|p1a: Hippowdon|Earthquake|p2a: Gallade
|-damage|p2a: Gallade|0 fnt
|faint|p2a: Gallade
|
|-weather|Sandstorm|[upkeep]
|upkeep
|
|t:|1711941596
|switch|p2a: Gardevoir|Gardevoir, F|100/100
|-ability|p2a: Gardevoir|Sand Stream|[from] ability: Trace|[of] p1a: Hippowdon
|turn|20
|inactive|mrpiko96 has 60 seconds left.
|
|t:|1711941627
|move|p2a: Gardevoir|Moonblast|p1a: Hippowdon
|-damage|p1a: Hippowdon|0 fnt
|faint|p1a: Hippowdon
|
|-weather|Sandstorm|[upkeep]
|-damage|p2a: Gardevoir|94/100|[from] Sandstorm
|-heal|p2a: Gardevoir|100/100|[from] item: Leftovers
|upkeep
|
|t:|1711941632
|switch|p1a: Garganacl|Garganacl, M|48/100
|turn|21
|
|t:|1711941642
|move|p2a: Gardevoir|Aura Sphere|p1a: Garganacl
|-supereffective|p1a: Garganacl
|-damage|p1a: Garganacl|23/100
|move|p1a: Garganacl|Salt Cure|p2a: Gardevoir
|-damage|p2a: Gardevoir|75/100
|-start|p2a: Gardevoir|Salt Cure
|
|-weather|Sandstorm|[upkeep]
|-damage|p2a: Gardevoir|69/100|[from] Sandstorm
|-heal|p2a: Gardevoir|75/100|[from] item: Leftovers
|-damage|p2a: Gardevoir|63/100|[from] Salt Cure
|upkeep
|turn|22
|
|t:|1711941654
|move|p2a: Gardevoir|Aura Sphere|p1a: Garganacl
|-supereffective|p1a: Garganacl
|-damage|p1a: Garganacl|0 fnt
|faint|p1a: Garganacl
|
|-weather|Sandstorm|[upkeep]
|-damage|p2a: Gardevoir|57/100|[from] Sandstorm
|-heal|p2a: Gardevoir|63/100|[from] item: Leftovers
|-damage|p2a: Gardevoir|51/100|[from] Salt Cure
|upkeep
|
|t:|1711941660
|switch|p1a: Houndstone|Houndstone, M|100/100
|turn|23
|inactive|Tryanboyd has 90 seconds left.
|
|t:|1711941669
|move|p1a: Houndstone|Last Respects|p2a: Gardevoir
|-supereffective|p2a: Gardevoir
|-damage|p2a: Gardevoir|0 fnt
|faint|p2a: Gardevoir
|
|-weather|none
|upkeep
|inactive|Tryanboyd has 90 seconds left.
|
|t:|1711941677
|switch|p2a: Darkrai|Darkrai|19/100 tox
|turn|24
|
|t:|1711941681
|move|p2a: Darkrai|Dark Void|p1a: Houndstone
|-status|p1a: Houndstone|slp|[from] move: Dark Void
|cant|p1a: Houndstone|slp
|
|-damage|p2a: Darkrai|12/100 tox|[from] psn
|-damage|p1a: Houndstone|88/100 slp|[from] ability: Bad Dreams|[of] p2a: Darkrai
|upkeep
|turn|25
|
|t:|1711941690
|move|p2a: Darkrai|Trick|p1a: Houndstone
|-activate|p2a: Darkrai|move: Trick|[of] p1a: Houndstone
|-item|p1a: Houndstone|Heavy-Duty Boots|[from] move: Trick
|-item|p2a: Darkrai|Heavy-Duty Boots|[from] move: Trick
|-curestatus|p1a: Houndstone|slp|[msg]
|move|p1a: Houndstone|Body Press|p2a: Darkrai
|-supereffective|p2a: Darkrai
|-damage|p2a: Darkrai|0 fnt
|faint|p2a: Darkrai
|
|upkeep
|
|t:|1711941700
|switch|p2a: Torterra|Torterra, F|2/100
|turn|26
|
|t:|1711941704
|move|p1a: Houndstone|Last Respects|p2a: Torterra
|-damage|p2a: Torterra|0 fnt
|faint|p2a: Torterra
|
|win|mrpiko96
|raw|mrpiko96's rating: 1030 &rarr; <strong>1062</strong><br />(+32 for winning)
|raw|Tryanboyd's rating: 1000 &rarr; <strong>1000</strong><br />(+0 for losing)
