{"id":"gen9ubers-2093333849","format":"[Gen 9] Ubers","players":["fraggeddrive","nb17635"],"log":"|html|<div class=\"broadcast-blue\"><strong>[Gen 9] Ubers is currently suspecting Last Respects! For information on how to participate check out the <a href=\"https:\/\/www.smogon.com\/forums\/threads\/np-sv-ubers-stage-3-respect.3739544\/\">suspect thread<\/a>.<\/strong><\/div>\n|j|\u2606fraggeddrive\n|j|\u2606nb17635\n|t:|1711940657\n|gametype|singles\n|player|p1|fraggeddrive|wallace|1045\n|player|p2|nb17635|170|1134\n|teamsize|p1|6\n|teamsize|p2|6\n|gen|9\n|tier|[Gen 9] Ubers\n|rated|\n|rule|Sleep Clause Mod: Limit one foe put to sleep\n|rule|Species Clause: Limit one of each Pok\u00e9mon\n|rule|OHKO Clause: OHKO moves are banned\n|rule|Evasion Items Clause: Evasion items are banned\n|rule|Evasion Moves Clause: Evasion moves are banned\n|rule|Endless Battle Clause: Forcing endless battles is banned\n|rule|HP Percentage Mod: HP is shown in percentages\n|clearpoke\n|poke|p1|Kyogre|\n|poke|p1|Koraidon|\n|poke|p1|Necrozma-Dusk-Mane|\n|poke|p1|Landorus-Therian, M|\n|poke|p1|Arceus|\n|poke|p1|Ting-Lu|\n|poke|p2|Flutter Mane|\n|poke|p2|Koraidon|\n|poke|p2|Scovillain, M|\n|poke|p2|Ting-Lu|\n|poke|p2|Landorus-Therian, M|\n|poke|p2|Dragonite, F|\n|teampreview\n|\n|t:|1711940680\n|start\n|switch|p1a: Kyogre|Kyogre|100\/100\n|switch|p2a: Koraidon|Koraidon|100\/100\n|-weather|SunnyDay|[from] ability: Orichalcum Pulse|[of] p2a: Koraidon\n|-activate|p2a: Koraidon|Orichalcum Pulse|[source]\n|-weather|RainDance|[from] ability: Drizzle|[of] p1a: Kyogre\n|turn|1\n|\n|t:|1711940693\n|switch|p2a: Ting-Lu|Ting-Lu|100\/100\n|-ability|p2a: Ting-Lu|Vessel of Ruin\n|move|p1a: Kyogre|Ice Beam|p2a: Ting-Lu\n|-supereffective|p2a: Ting-Lu\n|-damage|p2a: Ting-Lu|71\/100\n|\n|-weather|RainDance|[upkeep]\n|-heal|p2a: Ting-Lu|77\/100|[from] item: Leftovers\n|upkeep\n|turn|2\n|\n|t:|1711940713\n|move|p1a: Kyogre|Thunder Wave|p2a: Ting-Lu\n|-immune|p2a: Ting-Lu\n|move|p2a: Ting-Lu|Ruination|p1a: Kyogre\n|-damage|p1a: Kyogre|51\/100\n|\n|-weather|RainDance|[upkeep]\n|-heal|p2a: Ting-Lu|83\/100|[from] item: Leftovers\n|upkeep\n|turn|3\n|inactive|Battle timer is ON: inactive players will automatically lose when time's up. (requested by nb17635)\n|\n|t:|1711940748\n|move|p1a: Kyogre|Origin Pulse|p2a: Ting-Lu\n|-supereffective|p2a: Ting-Lu\n|-damage|p2a: Ting-Lu|0 fnt\n|faint|p2a: Ting-Lu\n|\n|-weather|RainDance|[upkeep]\n|upkeep\n|\n|t:|1711940760\n|switch|p2a: Koraidon|Koraidon|100\/100\n|-weather|SunnyDay|[from] ability: Orichalcum Pulse|[of] p2a: Koraidon\n|-activate|p2a: Koraidon|Orichalcum Pulse|[source]\n|turn|4\n|\n|t:|1711940773\n|switch|p1a: Koraidon|Koraidon|100\/100\n|-activate|p1a: Koraidon|ability: Orichalcum Pulse\n|move|p2a: Koraidon|Collision Course|p1a: Koraidon\n|-damage|p1a: Koraidon|40\/100\n|\n|-weather|SunnyDay|[upkeep]\n|upkeep\n|turn|5\n|\n|t:|1711940783\n|switch|p1a: Kyogre|Kyogre|51\/100\n|-weather|RainDance|[from] ability: Drizzle|[of] p1a: Kyogre\n|move|p2a: Koraidon|Dragon Claw|p1a: Kyogre\n|-damage|p1a: Kyogre|11\/100\n|\n|-weather|RainDance|[upkeep]\n|upkeep\n|turn|6\n|\n|t:|1711940798\n|switch|p2a: Dragonite|Dragonite, F|100\/100\n|move|p1a: Kyogre|Origin Pulse|p2a: Dragonite\n|-resisted|p2a: Dragonite\n|-damage|p2a: Dragonite|72\/100\n|\n|-weather|RainDance|[upkeep]\n|upkeep\n|turn|7\n|\n|t:|1711940806\n|switch|p1a: Arceus|Arceus|100\/100\n|move|p2a: Dragonite|Extreme Speed|p1a: Arceus\n|-damage|p1a: Arceus|76\/100\n|\n|-weather|RainDance|[upkeep]\n|upkeep\n|turn|8\n|\n|t:|1711940832\n|switch|p2a: Landorus|Landorus-Therian, M|100\/100\n|-ability|p2a: Landorus|Intimidate|boost\n|-unboost|p1a: Arceus|atk|1\n|move|p1a: Arceus|Extreme Speed|p2a: Landorus\n|-damage|p2a: Landorus|81\/100\n|\n|-weather|RainDance|[upkeep]\n|-heal|p2a: Landorus|87\/100|[from] item: Leftovers\n|upkeep\n|turn|9\n|inactive|fraggeddrive has 120 seconds left.\n|\n|t:|1711940865\n|move|p1a: Arceus|Swords Dance|p1a: Arceus\n|-boost|p1a: Arceus|atk|2\n|move|p2a: Landorus|Stealth Rock|p1a: Arceus\n|-sidestart|p1: fraggeddrive|move: Stealth Rock\n|\n|-weather|none\n|-heal|p2a: Landorus|93\/100|[from] item: Leftovers\n|upkeep\n|turn|10\n|\n|t:|1711940876\n|move|p1a: Arceus|Swords Dance|p1a: Arceus\n|-boost|p1a: Arceus|atk|2\n|move|p2a: Landorus|Taunt|p1a: Arceus\n|-start|p1a: Arceus|move: Taunt\n|\n|-heal|p2a: Landorus|99\/100|[from] item: Leftovers\n|upkeep\n|turn|11\n|\n|t:|1711940887\n|move|p1a: Arceus|Extreme Speed|p2a: Landorus\n|-damage|p2a: Landorus|30\/100\n|move|p2a: Landorus|Earthquake|p1a: Arceus\n|-damage|p1a: Arceus|39\/100\n|\n|-heal|p2a: Landorus|36\/100|[from] item: Leftovers\n|upkeep\n|turn|12\n|\n|t:|1711940901\n|move|p1a: Arceus|Extreme Speed|p2a: Landorus\n|-damage|p2a: Landorus|0 fnt\n|faint|p2a: Landorus\n|\n|upkeep\n|\n|t:|1711940907\n|switch|p2a: Flutter Mane|Flutter Mane|100\/100\n|turn|13\n|\n|t:|1711940913\n|switch|p1a: Necrozma|Necrozma-Dusk-Mane|100\/100\n|move|p2a: Flutter Mane|Moonblast|p1a: Necrozma\n|-resisted|p1a: Necrozma\n|-damage|p1a: Necrozma|79\/100\n|\n|upkeep\n|turn|14\n|\n|t:|1711940929\n|-end|p2a: Flutter Mane|Protosynthesis|[silent]\n|switch|p2a: Koraidon|Koraidon|100\/100\n|-weather|SunnyDay|[from] ability: Orichalcum Pulse|[of] p2a: Koraidon\n|-activate|p2a: Koraidon|Orichalcum Pulse|[source]\n|move|p1a: Necrozma|Sunsteel Strike|p2a: Koraidon\n|-damage|p2a: Koraidon|57\/100\n|\n|-weather|SunnyDay|[upkeep]\n|-heal|p2a: Koraidon|63\/100|[from] item: Leftovers\n|upkeep\n|turn|15\n|\n|t:|1711940946\n|switch|p1a: Kyogre|Kyogre|11\/100\n|-weather|RainDance|[from] ability: Drizzle|[of] p1a: Kyogre\n|-terastallize|p2a: Koraidon|Fire\n|move|p2a: Koraidon|Flame Charge|p1a: Kyogre\n|-resisted|p1a: Kyogre\n|-damage|p1a: Kyogre|4\/100\n|-boost|p2a: Koraidon|spe|1\n|\n|-weather|RainDance|[upkeep]\n|-heal|p2a: Koraidon|69\/100|[from] item: Leftovers\n|upkeep\n|turn|16\n|inactive|nb17635 has 120 seconds left.\n|\n|t:|1711940962\n|switch|p2a: Dragonite|Dragonite, F|72\/100\n|move|p1a: Kyogre|Origin Pulse|p2a: Dragonite\n|-resisted|p2a: Dragonite\n|-damage|p2a: Dragonite|19\/100\n|\n|-weather|RainDance|[upkeep]\n|upkeep\n|turn|17\n|\n|t:|1711940977\n|switch|p1a: Arceus|Arceus|39\/100\n|move|p2a: Dragonite|Extreme Speed|p1a: Arceus\n|-damage|p1a: Arceus|14\/100\n|\n|-weather|RainDance|[upkeep]\n|upkeep\n|turn|18\n|\n|t:|1711940985\n|move|p2a: Dragonite|Extreme Speed|p1a: Arceus\n|-damage|p1a: Arceus|0 fnt\n|faint|p1a: Arceus\n|\n|-weather|RainDance|[upkeep]\n|upkeep\n|\n|t:|1711940991\n|switch|p1a: Landorus|Landorus-Therian, M|100\/100\n|-damage|p1a: Landorus|88\/100|[from] Stealth Rock\n|-ability|p1a: Landorus|Intimidate|boost\n|-unboost|p2a: Dragonite|atk|1\n|turn|19\n|\n|t:|1711941009\n|move|p2a: Dragonite|Dragon Dance|p2a: Dragonite\n|-boost|p2a: Dragonite|atk|1\n|-boost|p2a: Dragonite|spe|1\n|move|p1a: Landorus|U-turn|p2a: Dragonite\n|-resisted|p2a: Dragonite\n|-damage|p2a: Dragonite|6\/100\n|\n|t:|1711941021\n|switch|p1a: Necrozma|Necrozma-Dusk-Mane|79\/100|[from] U-turn\n|\n|-weather|none\n|upkeep\n|turn|20\n|\n|t:|1711941027\n|move|p2a: Dragonite|Fire Punch|p1a: Necrozma\n|-supereffective|p1a: Necrozma\n|-damage|p1a: Necrozma|55\/100\n|move|p1a: Necrozma|Dragon Dance|p1a: Necrozma\n|-boost|p1a: Necrozma|atk|1\n|-boost|p1a: Necrozma|spe|1\n|\n|upkeep\n|turn|21\n|\n|t:|1711941036\n|move|p2a: Dragonite|Fire Punch|p1a: Necrozma\n|-supereffective|p1a: Necrozma\n|-damage|p1a: Necrozma|30\/100\n|move|p1a: Necrozma|Knock Off|p2a: Dragonite\n|-damage|p2a: Dragonite|0 fnt\n|-enditem|p2a: Dragonite|Lum Berry|[from] move: Knock Off|[of] p1a: Necrozma\n|faint|p2a: Dragonite\n|\n|upkeep\n|\n|t:|1711941048\n|switch|p2a: Flutter Mane|Flutter Mane|100\/100\n|turn|22\n|\n|t:|1711941052\n|move|p2a: Flutter Mane|Thunderbolt|p1a: Necrozma\n|-damage|p1a: Necrozma|4\/100\n|-status|p1a: Necrozma|par\n|move|p1a: Necrozma|Moonlight|p1a: Necrozma\n|-heal|p1a: Necrozma|54\/100 par\n|\n|upkeep\n|turn|23\n|\n|t:|1711941066\n|move|p2a: Flutter Mane|Thunderbolt|p1a: Necrozma\n|-damage|p1a: Necrozma|26\/100 par\n|cant|p1a: Necrozma|par\n|\n|upkeep\n|turn|24\n|\n|t:|1711941072\n|switch|p1a: Ting-Lu|Ting-Lu|100\/100\n|-damage|p1a: Ting-Lu|94\/100|[from] Stealth Rock\n|-ability|p1a: Ting-Lu|Vessel of Ruin\n|move|p2a: Flutter Mane|Thunderbolt|p1a: Ting-Lu\n|-immune|p1a: Ting-Lu\n|\n|-heal|p1a: Ting-Lu|100\/100|[from] item: Leftovers\n|upkeep\n|turn|25\n|\n|t:|1711941084\n|-end|p2a: Flutter Mane|Protosynthesis|[silent]\n|switch|p2a: Koraidon|Koraidon, tera:Fire|69\/100\n|-weather|SunnyDay|[from] ability: Orichalcum Pulse|[of] p2a: Koraidon\n|-activate|p2a: Koraidon|Orichalcum Pulse|[source]\n|move|p1a: Ting-Lu|Whirlwind|p2a: Koraidon\n|drag|p2a: Flutter Mane|Flutter Mane|100\/100\n|-activate|p2a: Flutter Mane|ability: Protosynthesis\n|-start|p2a: Flutter Mane|protosynthesisspe\n|\n|-weather|SunnyDay|[upkeep]\n|upkeep\n|turn|26\n|\n|t:|1711941099\n|-terastallize|p1a: Ting-Lu|Poison\n|move|p2a: Flutter Mane|Moonblast|p1a: Ting-Lu\n|-resisted|p1a: Ting-Lu\n|-damage|p1a: Ting-Lu|91\/100\n|move|p1a: Ting-Lu|Ruination|p2a: Flutter Mane\n|-damage|p2a: Flutter Mane|51\/100\n|\n|-weather|SunnyDay|[upkeep]\n|-heal|p1a: Ting-Lu|97\/100|[from] item: Leftovers\n|upkeep\n|turn|27\n|\n|t:|1711941113\n|-end|p2a: Flutter Mane|Protosynthesis|[silent]\n|switch|p2a: Koraidon|Koraidon, tera:Fire|69\/100\n|-activate|p2a: Koraidon|ability: Orichalcum Pulse\n|move|p1a: Ting-Lu|Ruination|p2a: Koraidon\n|-damage|p2a: Koraidon|35\/100\n|\n|-weather|SunnyDay|[upkeep]\n|-heal|p2a: Koraidon|41\/100|[from] item: Leftovers\n|-heal|p1a: Ting-Lu|100\/100|[from] item: Leftovers\n|upkeep\n|turn|28\n|\n|t:|1711941126\n|move|p2a: Koraidon|Swords Dance|p2a: Koraidon\n|-boost|p2a: Koraidon|atk|2\n|move|p1a: Ting-Lu|Spikes|p2a: Koraidon\n|-sidestart|p2: nb17635|Spikes\n|\n|-weather|SunnyDay|[upkeep]\n|-heal|p2a: Koraidon|47\/100|[from] item: Leftovers\n|upkeep\n|turn|29\n|\n|t:|1711941142\n|move|p2a: Koraidon|Swords Dance|p2a: Koraidon\n|-boost|p2a: Koraidon|atk|2\n|move|p1a: Ting-Lu|Whirlwind|p2a: Koraidon\n|drag|p2a: Flutter Mane|Flutter Mane|51\/100\n|-damage|p2a: Flutter Mane|38\/100|[from] Spikes\n|-activate|p2a: Flutter Mane|ability: Protosynthesis\n|-start|p2a: Flutter Mane|protosynthesisspe\n|\n|-weather|none\n|-end|p2a: Flutter Mane|Protosynthesis\n|upkeep\n|turn|30\n|\n|t:|1711941153\n|-end|p2a: Flutter Mane|Protosynthesis|[silent]\n|switch|p2a: Koraidon|Koraidon, tera:Fire|47\/100\n|-damage|p2a: Koraidon|35\/100|[from] Spikes\n|-weather|SunnyDay|[from] ability: Orichalcum Pulse|[of] p2a: Koraidon\n|-activate|p2a: Koraidon|Orichalcum Pulse|[source]\n|move|p1a: Ting-Lu|Ruination|p2a: Koraidon\n|-damage|p2a: Koraidon|18\/100\n|\n|-weather|SunnyDay|[upkeep]\n|-heal|p2a: Koraidon|24\/100|[from] item: Leftovers\n|upkeep\n|turn|31\n|\n|t:|1711941166\n|switch|p1a: Kyogre|Kyogre|4\/100\n|-weather|RainDance|[from] ability: Drizzle|[of] p1a: Kyogre\n|move|p2a: Koraidon|Collision Course|p1a: Kyogre\n|-damage|p1a: Kyogre|0 fnt\n|faint|p1a: Kyogre\n|\n|-weather|RainDance|[upkeep]\n|-heal|p2a: Koraidon|30\/100|[from] item: Leftovers\n|upkeep\n|\n|t:|1711941178\n|switch|p1a: Landorus|Landorus-Therian, M|88\/100\n|-damage|p1a: Landorus|76\/100|[from] Stealth Rock\n|-ability|p1a: Landorus|Intimidate|boost\n|-unboost|p2a: Koraidon|atk|1\n|turn|32\n|\n|t:|1711941185\n|switch|p2a: Flutter Mane|Flutter Mane|38\/100\n|-damage|p2a: Flutter Mane|26\/100|[from] Spikes\n|move|p1a: Landorus|Earthquake|p2a: Flutter Mane\n|-damage|p2a: Flutter Mane|0 fnt\n|faint|p2a: Flutter Mane\n|-end|p2a: Flutter Mane|Protosynthesis|[silent]\n|\n|-weather|RainDance|[upkeep]\n|upkeep\n|\n|t:|1711941195\n|switch|p2a: Koraidon|Koraidon, tera:Fire|30\/100\n|-damage|p2a: Koraidon|18\/100|[from] Spikes\n|-weather|SunnyDay|[from] ability: Orichalcum Pulse|[of] p2a: Koraidon\n|-activate|p2a: Koraidon|Orichalcum Pulse|[source]\n|turn|33\n|\n|t:|1711941205\n|move|p2a: Koraidon|Dragon Claw|p1a: Landorus\n|-damage|p1a: Landorus|36\/100\n|-damage|p2a: Koraidon|1\/100|[from] item: Rocky Helmet|[of] p1a: Landorus\n|move|p1a: Landorus|Earthquake|p2a: Koraidon\n|-supereffective|p2a: Koraidon\n|-damage|p2a: Koraidon|0 fnt\n|faint|p2a: Koraidon\n|\n|-weather|SunnyDay|[upkeep]\n|upkeep\n|\n|t:|1711941216\n|switch|p2a: Scovillain|Scovillain, M|100\/100\n|-damage|p2a: Scovillain|88\/100|[from] Spikes\n|turn|34\n|\n|t:|1711941220\n|move|p2a: Scovillain|Solar Beam||[still]\n|-prepare|p2a: Scovillain|Solar Beam\n|-anim|p2a: Scovillain|Solar Beam|p1a: Landorus\n|-damage|p1a: Landorus|0 fnt\n|faint|p1a: Landorus\n|\n|-weather|SunnyDay|[upkeep]\n|-heal|p2a: Scovillain|94\/100|[from] item: Leftovers\n|upkeep\n|\n|t:|1711941231\n|switch|p1a: Koraidon|Koraidon|40\/100\n|-damage|p1a: Koraidon|34\/100|[from] Stealth Rock\n|-activate|p1a: Koraidon|ability: Orichalcum Pulse\n|turn|35\n|\n|t:|1711941238\n|move|p1a: Koraidon|Flare Blitz|p2a: Scovillain\n|-damage|p2a: Scovillain|0 fnt\n|faint|p2a: Scovillain\n|-damage|p1a: Koraidon|7\/100|[from] Recoil\n|\n|win|fraggeddrive\n|raw|fraggeddrive's rating: 1045 &rarr; <strong>1087<\/strong><br \/>(+42 for winning)\n|raw|nb17635's rating: 1134 &rarr; <strong>1103<\/strong><br \/>(-31 for losing)\n|l|\u2606nb17635\n|player|p2|\n","uploadtime":1711941262,"views":2,"formatid":"gen9ubers","rating":1087,"private":0,"password":null}