{"id":"gen9balancedhackmons-2093092984","format":"[Gen 9] Balanced Hackmons","players":["dragonmaster441","perc1000000"],"log":"|j|\u2606dragonmaster441\n|j|\u2606perc1000000\n|t:|1711912185\n|gametype|singles\n|player|p1|dragonmaster441|acetrainerf-gen4|1220\n|player|p2|perc1000000|proton|1114\n|teamsize|p1|6\n|teamsize|p2|6\n|gen|9\n|tier|[Gen 9] Balanced Hackmons\n|rated|\n|rule|OHKO Clause: OHKO moves are banned\n|rule|Evasion Clause: Evasion abilities, items, and moves are banned\n|rule|Evasion Abilities Clause: Evasion abilities are banned\n|rule|Evasion Items Clause: Evasion items are banned\n|rule|Evasion Moves Clause: Evasion moves are banned\n|rule|Species Clause: Limit one of each Pok\u00e9mon\n|rule|HP Percentage Mod: HP is shown in percentages\n|rule|Sleep Moves Clause: Sleep-inducing moves are banned\n|rule|Endless Battle Clause: Forcing endless battles is banned\n|rule|Species Reveal Clause: Reveals a Pok\u00e9mon's true species in hackmons-based metagames.\n|rule|Terastal Clause: You cannot Terastallize\n|clearpoke\n|poke|p1|Magearna|\n|poke|p1|Pinsir-Mega, F|\n|poke|p1|Necrozma-Ultra|\n|poke|p1|Kyurem-Black|\n|poke|p1|Garchomp-Mega, F|\n|poke|p1|Greninja-Ash, M|\n|poke|p2|Tyranitar-Mega, M|\n|poke|p2|Sceptile-Mega, M|\n|poke|p2|Alakazam-Mega, F|\n|poke|p2|Arceus|\n|poke|p2|Regidrago|\n|poke|p2|Guzzlord|\n|teampreview\n|inactive|Battle timer is ON: inactive players will automatically lose when time's up. (requested by dragonmaster441)\n|c|\u2606dragonmaster441|hf\n|j| Jincn27\n|l| Jincn27\n|\n|t:|1711912203\n|start\n|switch|p1a: Necrozma|Necrozma-Ultra|100\/100\n|switch|p2a: Guzzlord|Guzzlord|100\/100\n|-ability|p1a: Necrozma|Beads of Ruin\n|-transform|p2a: Guzzlord|p1a: Necrozma|[from] ability: Imposter\n|-ability|p2a: Guzzlord|Beads of Ruin\n|turn|1\n|\n|t:|1711912216\n|switch|p1a: Magearna|Magearna|100\/100\n|move|p2a: Guzzlord|Clanging Scales|p1a: Magearna\n|-immune|p1a: Magearna\n|\n|upkeep\n|turn|2\n|\n|t:|1711912224\n|move|p2a: Guzzlord|Blue Flare|p1a: Magearna\n|-supereffective|p1a: Magearna\n|-damage|p1a: Magearna|38\/100\n|move|p1a: Magearna|Stone Axe|p2a: Guzzlord\n|-damage|p2a: Guzzlord|93\/100\n|-sidestart|p2: perc1000000|move: Stealth Rock\n|\n|upkeep\n|turn|3\n|\n|t:|1711912235\n|move|p2a: Guzzlord|Volt Switch|p1a: Magearna\n|-damage|p1a: Magearna|21\/100\n|\n|t:|1711912254\n|switch|p2a: Regidrago|Regidrago|100\/100|[from] Volt Switch\n|-damage|p2a: Regidrago|88\/100|[from] Stealth Rock\n|move|p1a: Magearna|Mortal Spin|p2a: Regidrago\n|-damage|p2a: Regidrago|78\/100\n|-status|p2a: Regidrago|psn\n|\n|-damage|p2a: Regidrago|66\/100 psn|[from] psn\n|upkeep\n|turn|4\n|j| GalaxyVenom360\n|\n|t:|1711912269\n|move|p2a: Regidrago|Baneful Bunker|p2a: Regidrago\n|-singleturn|p2a: Regidrago|move: Protect\n|move|p1a: Magearna|Springtide Storm|p2a: Regidrago\n|-activate|p2a: Regidrago|move: Protect\n|\n|-damage|p2a: Regidrago|53\/100 psn|[from] psn\n|upkeep\n|turn|5\n|\n|t:|1711912279\n|move|p2a: Regidrago|Destiny Bond|p2a: Regidrago\n|-singlemove|p2a: Regidrago|Destiny Bond\n|move|p1a: Magearna|Springtide Storm|p2a: Regidrago\n|-supereffective|p2a: Regidrago\n|-damage|p2a: Regidrago|0 fnt\n|faint|p2a: Regidrago\n|-activate|p2a: Regidrago|move: Destiny Bond\n|faint|p1a: Magearna\n|\n|upkeep\n|\n|t:|1711912286\n|switch|p2a: Tyranitar|Tyranitar-Mega, M|100\/100\n|switch|p1a: Necrozma|Necrozma-Ultra|100\/100\n|-ability|p1a: Necrozma|Beads of Ruin\n|-damage|p2a: Tyranitar|88\/100|[from] Stealth Rock\n|turn|6\n|\n|t:|1711912303\n|move|p1a: Necrozma|Volt Switch|p2a: Tyranitar\n|-damage|p2a: Tyranitar|66\/100\n|\n|t:|1711912316\n|switch|p1a: Kyurem|Kyurem-Black|100\/100|[from] Volt Switch\n|move|p2a: Tyranitar|Strength Sap|p1a: Kyurem\n|-unboost|p1a: Kyurem|atk|1\n|-heal|p2a: Tyranitar|100\/100\n|\n|upkeep\n|turn|7\n|\n|t:|1711912331\n|move|p1a: Kyurem|Fake Out|p2a: Tyranitar\n|-damage|p2a: Tyranitar|88\/100\n|cant|p2a: Tyranitar|flinch\n|\n|upkeep\n|turn|8\n|\n|t:|1711912337\n|switch|p1a: Garchomp|Garchomp-Mega, F|100\/100\n|move|p2a: Tyranitar|Jaw Lock|p1a: Garchomp\n|-damage|p1a: Garchomp|71\/100\n|-activate|p2a: Tyranitar|trapped\n|-activate|p1a: Garchomp|trapped\n|\n|-heal|p1a: Garchomp|77\/100|[from] item: Leftovers\n|upkeep\n|turn|9\n|\n|t:|1711912346\n|move|p1a: Garchomp|Headlong Rush|p2a: Tyranitar\n|-supereffective|p2a: Tyranitar\n|-damage|p2a: Tyranitar|14\/100\n|-unboost|p1a: Garchomp|def|1\n|-unboost|p1a: Garchomp|spd|1\n|move|p2a: Tyranitar|Strength Sap|p1a: Garchomp\n|move|p1a: Garchomp|Strength Sap|p2a: Tyranitar|[from]ability: Magic Bounce\n|-unboost|p2a: Tyranitar|atk|2\n|-heal|p1a: Garchomp|100\/100\n|\n|upkeep\n|turn|10\n|\n|t:|1711912357\n|move|p1a: Garchomp|Headlong Rush|p2a: Tyranitar\n|-supereffective|p2a: Tyranitar\n|-damage|p2a: Tyranitar|0 fnt\n|-unboost|p1a: Garchomp|def|1\n|-unboost|p1a: Garchomp|spd|1\n|faint|p2a: Tyranitar\n|\n|upkeep\n|\n|t:|1711912368\n|switch|p2a: Sceptile|Sceptile-Mega, M|100\/100\n|turn|11\n|\n|t:|1711912376\n|move|p2a: Sceptile|Dragon Energy|p1a: Garchomp\n|-supereffective|p1a: Garchomp\n|-damage|p1a: Garchomp|0 fnt\n|faint|p1a: Garchomp\n|\n|upkeep\n|\n|t:|1711912380\n|switch|p1a: Kyurem|Kyurem-Black|100\/100\n|turn|12\n|\n|t:|1711912383\n|move|p1a: Kyurem|Fake Out|p2a: Sceptile\n|-supereffective|p2a: Sceptile\n|-damage|p2a: Sceptile|0 fnt\n|faint|p2a: Sceptile\n|\n|upkeep\n|\n|t:|1711912388\n|switch|p2a: Guzzlord|Guzzlord|93\/100\n|-damage|p2a: Guzzlord|80\/100|[from] Stealth Rock\n|-transform|p2a: Guzzlord|p1a: Kyurem|[from] ability: Imposter\n|turn|13\n|\n|t:|1711912397\n|move|p2a: Guzzlord|Fake Out|p1a: Kyurem\n|-damage|p1a: Kyurem|80\/100\n|cant|p1a: Kyurem|flinch\n|\n|upkeep\n|turn|14\n|\n|t:|1711912409\n|move|p1a: Kyurem|Extreme Speed|p2a: Guzzlord\n|-damage|p2a: Guzzlord|48\/100\n|move|p2a: Guzzlord|Hyper Drill|p1a: Kyurem\n|-damage|p1a: Kyurem|35\/100\n|\n|upkeep\n|turn|15\n|\n|t:|1711912418\n|move|p1a: Kyurem|Hyper Drill|p2a: Guzzlord\n|-damage|p2a: Guzzlord|8\/100\n|move|p2a: Guzzlord|Explosion|p1a: Kyurem\n|-damage|p1a: Kyurem|0 fnt\n|faint|p2a: Guzzlord\n|faint|p1a: Kyurem\n|\n|upkeep\n|\n|t:|1711912429\n|switch|p1a: Greninja|Greninja-Ash, M|100\/100\n|switch|p2a: Arceus|Arceus|100\/100\n|-damage|p2a: Arceus|88\/100|[from] Stealth Rock\n|turn|16\n|\n|t:|1711912441\n|move|p1a: Greninja|Surging Strikes|p2a: Arceus\n|-crit|p2a: Arceus\n|-damage|p2a: Arceus|66\/100\n|-crit|p2a: Arceus\n|-damage|p2a: Arceus|41\/100\n|-crit|p2a: Arceus\n|-damage|p2a: Arceus|16\/100\n|-hitcount|p2a: Arceus|3\n|-damage|p1a: Greninja|91\/100|[from] item: Life Orb\n|move|p2a: Arceus|Take Heart|p2a: Arceus\n|-boost|p2a: Arceus|spa|1\n|-boost|p2a: Arceus|spd|1\n|\n|upkeep\n|turn|17\n|-message|perc1000000 forfeited.\n|\n|win|dragonmaster441\n|raw|dragonmaster441's rating: 1220 &rarr; <strong>1238<\/strong><br \/>(+18 for winning)\n|raw|perc1000000's rating: 1114 &rarr; <strong>1096<\/strong><br \/>(-18 for losing)\n|l|\u2606perc1000000\n|player|p2|\n","uploadtime":1711912452,"views":0,"formatid":"gen9balancedhackmons","rating":1096,"private":0,"password":null}