{"id":"gen9balancedhackmons-2092941875","format":"[Gen 9] Balanced Hackmons","players":["4rk4ngel","Avg Noob"],"log":"|j|\u26064rk4ngel\n|j|\u2606Avg Noob\n|t:|1711894058\n|gametype|singles\n|player|p1|4rk4ngel|raihan-masters|1364\n|player|p2|Avg Noob|unknown|1179\n|teamsize|p1|6\n|teamsize|p2|6\n|gen|9\n|tier|[Gen 9] Balanced Hackmons\n|rated|\n|rule|OHKO Clause: OHKO moves are banned\n|rule|Evasion Clause: Evasion abilities, items, and moves are banned\n|rule|Evasion Abilities Clause: Evasion abilities are banned\n|rule|Evasion Items Clause: Evasion items are banned\n|rule|Evasion Moves Clause: Evasion moves are banned\n|rule|Species Clause: Limit one of each Pok\u00e9mon\n|rule|HP Percentage Mod: HP is shown in percentages\n|rule|Sleep Moves Clause: Sleep-inducing moves are banned\n|rule|Endless Battle Clause: Forcing endless battles is banned\n|rule|Species Reveal Clause: Reveals a Pok\u00e9mon's true species in hackmons-based metagames.\n|rule|Terastal Clause: You cannot Terastallize\n|clearpoke\n|poke|p1|Zacian-*|\n|poke|p1|Ho-Oh|\n|poke|p1|Greninja-Ash, M|\n|poke|p1|Necrozma-Dusk-Mane|\n|poke|p1|Arceus|\n|poke|p1|Chansey, F|\n|poke|p2|Beedrill-Mega, M|\n|poke|p2|Iron Valiant, M|\n|poke|p2|Chansey, M|\n|poke|p2|Metagross-Mega, M|\n|poke|p2|Heracross-Mega, M|\n|poke|p2|Aerodactyl-Mega, M|\n|teampreview\n|\n|t:|1711894063\n|start\n|switch|p1a: Zacian|Zacian|100\/100\n|switch|p2a: Beedrill|Beedrill-Mega, M, shiny|100\/100\n|-weather|SunnyDay|[from] ability: Drought|[of] p1a: Zacian\n|turn|1\n|inactive|Battle timer is ON: inactive players will automatically lose when time's up. (requested by Avg Noob)\n|\n|t:|1711894068\n|switch|p1a: Necrozma|Necrozma-Dusk-Mane|100\/100\n|move|p2a: Beedrill|Pyro Ball|p1a: Necrozma\n|-supereffective|p1a: Necrozma\n|-damage|p1a: Necrozma|51\/100\n|\n|-weather|SunnyDay|[upkeep]\n|upkeep\n|turn|2\n|\n|t:|1711894073\n|move|p2a: Beedrill|Pyro Ball|p1a: Necrozma\n|-supereffective|p1a: Necrozma\n|-damage|p1a: Necrozma|0 fnt\n|faint|p1a: Necrozma\n|\n|-weather|SunnyDay|[upkeep]\n|upkeep\n|\n|t:|1711894078\n|switch|p1a: Zacian|Zacian|100\/100\n|turn|3\n|\n|t:|1711894082\n|move|p1a: Zacian|Parting Shot|p2a: Beedrill\n|-unboost|p2a: Beedrill|atk|1\n|-unboost|p2a: Beedrill|spa|1\n|\n|t:|1711894086\n|switch|p1a: Greninja|Greninja-Ash, M|100\/100|[from] Parting Shot\n|-weather|PrimordialSea|[from] ability: Primordial Sea|[of] p1a: Greninja\n|move|p2a: Beedrill|Pyro Ball||[still]\n|-fail|p2a: Beedrill|Pyro Ball|[from] Primordial Sea\n|\n|-weather|PrimordialSea|[upkeep]\n|upkeep\n|turn|4\n|\n|t:|1711894091\n|move|p2a: Beedrill|Bolt Strike|p1a: Greninja\n|-supereffective|p1a: Greninja\n|-crit|p1a: Greninja\n|-damage|p1a: Greninja|0 fnt\n|faint|p1a: Greninja\n|-weather|none\n|\n|upkeep\n|\n|t:|1711894097\n|switch|p1a: Chansey|Chansey, F|100\/100\n|-transform|p1a: Chansey|p2a: Beedrill|[from] ability: Imposter\n|turn|5\n|\n|t:|1711894101\n|move|p2a: Beedrill|Pyro Ball|p1a: Chansey\n|-supereffective|p1a: Chansey\n|-damage|p1a: Chansey|66\/100\n|move|p1a: Chansey|Shadow Force||[still]\n|-prepare|p1a: Chansey|Shadow Force\n|\n|upkeep\n|turn|6\n|\n|t:|1711894104\n|move|p1a: Chansey|Shadow Force|p2a: Beedrill|[from]lockedmove\n|-damage|p2a: Beedrill|59\/100\n|move|p2a: Beedrill|Pyro Ball|p1a: Chansey|[miss]\n|-miss|p2a: Beedrill|p1a: Chansey\n|\n|upkeep\n|turn|7\n|\n|t:|1711894107\n|move|p1a: Chansey|Pyro Ball|p2a: Beedrill\n|-supereffective|p2a: Beedrill\n|-damage|p2a: Beedrill|0 fnt\n|faint|p2a: Beedrill\n|\n|upkeep\n|\n|t:|1711894117\n|switch|p2a: Metagross|Metagross-Mega, M, shiny|100\/100\n|turn|8\n|\n|t:|1711894122\n|move|p2a: Metagross|Bullet Punch|p1a: Chansey\n|-damage|p1a: Chansey|48\/100\n|move|p1a: Chansey|Pyro Ball|p2a: Metagross\n|-supereffective|p2a: Metagross\n|-damage|p2a: Metagross|55\/100\n|\n|upkeep\n|turn|9\n|\n|t:|1711894127\n|switch|p1a: Arceus|Arceus|100\/100\n|move|p2a: Metagross|Behemoth Blade|p1a: Arceus\n|-damage|p1a: Arceus|44\/100\n|-damage|p2a: Metagross|38\/100|[from] item: Rocky Helmet|[of] p1a: Arceus\n|\n|upkeep\n|turn|10\n|\n|t:|1711894134\n|move|p1a: Arceus|Burning Bulwark|p1a: Arceus\n|-singleturn|p1a: Arceus|move: Protect\n|move|p2a: Metagross|Bullet Punch|p1a: Arceus\n|-activate|p1a: Arceus|move: Protect\n|-status|p2a: Metagross|brn\n|\n|-damage|p2a: Metagross|32\/100 brn|[from] brn\n|upkeep\n|turn|11\n|\n|t:|1711894137\n|move|p2a: Metagross|Collision Course|p1a: Arceus\n|-supereffective|p1a: Arceus\n|-damage|p1a: Arceus|17\/100\n|-damage|p2a: Metagross|16\/100 brn|[from] item: Rocky Helmet|[of] p1a: Arceus\n|move|p1a: Arceus|Recover|p1a: Arceus\n|-heal|p1a: Arceus|67\/100\n|\n|-damage|p2a: Metagross|10\/100 brn|[from] brn\n|upkeep\n|turn|12\n|\n|t:|1711894141\n|move|p2a: Metagross|Collision Course|p1a: Arceus\n|-supereffective|p1a: Arceus\n|-damage|p1a: Arceus|38\/100\n|-damage|p2a: Metagross|0 fnt|[from] item: Rocky Helmet|[of] p1a: Arceus\n|faint|p2a: Metagross\n|move|p1a: Arceus|Recover|p1a: Arceus\n|-heal|p1a: Arceus|88\/100\n|\n|upkeep\n|\n|t:|1711894145\n|switch|p2a: Heracross|Heracross-Mega, M, shiny|100\/100\n|turn|13\n|\n|t:|1711894149\n|move|p1a: Arceus|Glare|p2a: Heracross\n|-status|p2a: Heracross|par\n|cant|p2a: Heracross|par\n|\n|-ability|p2a: Heracross|Speed Boost|boost\n|-boost|p2a: Heracross|spe|1\n|upkeep\n|turn|14\n|\n|t:|1711894153\n|switch|p1a: Chansey|Chansey, F|48\/100\n|-transform|p1a: Chansey|p2a: Heracross|[from] ability: Imposter\n|move|p2a: Heracross|Victory Dance|p2a: Heracross\n|-boost|p2a: Heracross|atk|1\n|-boost|p2a: Heracross|def|1\n|-boost|p2a: Heracross|spe|1\n|\n|-ability|p2a: Heracross|Speed Boost|boost\n|-boost|p2a: Heracross|spe|1\n|upkeep\n|turn|15\n|\n|t:|1711894171\n|switch|p1a: Zacian|Zacian|100\/100\n|-weather|SunnyDay|[from] ability: Drought|[of] p1a: Zacian\n|move|p2a: Heracross|Victory Dance|p2a: Heracross\n|-boost|p2a: Heracross|atk|1\n|-boost|p2a: Heracross|def|1\n|-boost|p2a: Heracross|spe|1\n|\n|-weather|SunnyDay|[upkeep]\n|-ability|p2a: Heracross|Speed Boost|boost\n|-boost|p2a: Heracross|spe|1\n|upkeep\n|turn|16\n|\n|t:|1711894178\n|move|p1a: Zacian|Trick|p2a: Heracross\n|-activate|p1a: Zacian|move: Trick|[of] p2a: Heracross\n|-item|p2a: Heracross|Choice Scarf|[from] move: Trick\n|-item|p1a: Zacian|Focus Sash|[from] move: Trick\n|move|p2a: Heracross|Glacial Lance|p1a: Zacian\n|-damage|p1a: Zacian|24\/100\n|\n|-weather|SunnyDay|[upkeep]\n|-ability|p2a: Heracross|Speed Boost|boost\n|-boost|p2a: Heracross|spe|1\n|upkeep\n|turn|17\n|\n|t:|1711894183\n|move|p2a: Heracross|Glacial Lance|p1a: Zacian\n|-damage|p1a: Zacian|0 fnt\n|faint|p1a: Zacian\n|\n|-weather|SunnyDay|[upkeep]\n|upkeep\n|\n|t:|1711894186\n|switch|p1a: Ho-Oh|Ho-Oh|100\/100\n|turn|18\n|\n|t:|1711894189\n|move|p2a: Heracross|Glacial Lance|p1a: Ho-Oh\n|-crit|p1a: Ho-Oh\n|-damage|p1a: Ho-Oh|0 fnt\n|faint|p1a: Ho-Oh\n|\n|-weather|SunnyDay|[upkeep]\n|upkeep\n|\n|t:|1711894193\n|switch|p1a: Chansey|Chansey, F|48\/100\n|-transform|p1a: Chansey|p2a: Heracross|[from] ability: Imposter\n|turn|19\n|c|\u2606Avg Noob|Gg\n|\n|t:|1711894195\n|move|p1a: Chansey|Leech Life|p2a: Heracross\n|-resisted|p2a: Heracross\n|-damage|p2a: Heracross|79\/100 par\n|-heal|p1a: Chansey|53\/100|[from] drain|[of] p2a: Heracross\n|move|p2a: Heracross|Glacial Lance|p1a: Chansey\n|-damage|p1a: Chansey|39\/100\n|\n|-weather|none\n|upkeep\n|turn|20\n|\n|t:|1711894199\n|move|p1a: Chansey|Sacred Sword|p2a: Heracross\n|-resisted|p2a: Heracross\n|-damage|p2a: Heracross|35\/100 par\n|cant|p2a: Heracross|par\n|\n|upkeep\n|turn|21\n|\n|t:|1711894202\n|move|p1a: Chansey|Sacred Sword|p2a: Heracross\n|-resisted|p2a: Heracross\n|-damage|p2a: Heracross|0 fnt\n|faint|p2a: Heracross\n|\n|upkeep\n|\n|t:|1711894207\n|switch|p2a: Aerodactyl|Aerodactyl-Mega, M|100\/100\n|turn|22\n|\n|t:|1711894209\n|move|p1a: Chansey|Glacial Lance|p2a: Aerodactyl\n|-supereffective|p2a: Aerodactyl\n|-enditem|p2a: Aerodactyl|Focus Sash\n|-damage|p2a: Aerodactyl|1\/100\n|move|p2a: Aerodactyl|Counter|p1a: Chansey\n|-damage|p1a: Chansey|0 fnt\n|faint|p1a: Chansey\n|\n|upkeep\n|\n|t:|1711894212\n|switch|p1a: Arceus|Arceus|88\/100\n|turn|23\n|c|\u2606Avg Noob|Gg\n|\n|t:|1711894215\n|move|p2a: Aerodactyl|Explosion|p1a: Arceus\n|-damage|p1a: Arceus|39\/100\n|faint|p2a: Aerodactyl\n|move|p1a: Arceus|Sunsteel Strike|p2: Aerodactyl|[notarget]\n|-fail|p1a: Arceus\n|\n|upkeep\n|\n|t:|1711894222\n|switch|p2a: Iron Valiant|Iron Valiant, M|100\/100\n|turn|24\n|\n|t:|1711894228\n|move|p1a: Arceus|Burning Bulwark|p1a: Arceus\n|-singleturn|p1a: Arceus|move: Protect\n|move|p2a: Iron Valiant|Drain Punch|p1a: Arceus\n|-activate|p1a: Arceus|move: Protect\n|-status|p2a: Iron Valiant|brn\n|\n|-damage|p2a: Iron Valiant|94\/100 brn|[from] brn\n|upkeep\n|turn|25\n|\n|t:|1711894231\n|move|p2a: Iron Valiant|Victory Dance|p2a: Iron Valiant\n|-boost|p2a: Iron Valiant|atk|2\n|-boost|p2a: Iron Valiant|def|2\n|-boost|p2a: Iron Valiant|spe|2\n|move|p1a: Arceus|Recover|p1a: Arceus\n|-heal|p1a: Arceus|89\/100\n|\n|-damage|p2a: Iron Valiant|88\/100 brn|[from] brn\n|upkeep\n|turn|26\n|\n|t:|1711894234\n|move|p2a: Iron Valiant|Victory Dance|p2a: Iron Valiant\n|-boost|p2a: Iron Valiant|atk|2\n|-boost|p2a: Iron Valiant|def|2\n|-boost|p2a: Iron Valiant|spe|2\n|move|p1a: Arceus|Sunsteel Strike|p2a: Iron Valiant\n|-supereffective|p2a: Iron Valiant\n|-damage|p2a: Iron Valiant|30\/100 brn\n|\n|-damage|p2a: Iron Valiant|24\/100 brn|[from] brn\n|upkeep\n|turn|27\n|\n|t:|1711894257\n|move|p2a: Iron Valiant|Drain Punch|p1a: Arceus\n|-supereffective|p1a: Arceus\n|-damage|p1a: Arceus|69\/100\n|-heal|p2a: Iron Valiant|37\/100 brn|[from] drain|[of] p1a: Arceus\n|-damage|p2a: Iron Valiant|20\/100 brn|[from] item: Rocky Helmet|[of] p1a: Arceus\n|move|p1a: Arceus|Sunsteel Strike|p2a: Iron Valiant\n|-supereffective|p2a: Iron Valiant\n|-damage|p2a: Iron Valiant|0 fnt\n|faint|p2a: Iron Valiant\n|\n|upkeep\n|\n|t:|1711894261\n|switch|p2a: Chansey|Chansey, M, shiny|100\/100\n|-transform|p2a: Chansey|p1a: Arceus|[from] ability: Imposter\n|turn|28\n|\n|t:|1711894267\n|move|p1a: Arceus|Burning Bulwark|p1a: Arceus\n|-singleturn|p1a: Arceus|move: Protect\n|move|p2a: Chansey|Burning Bulwark||[still]\n|-fail|p2a: Chansey\n|\n|upkeep\n|turn|29\n|\n|t:|1711894270\n|move|p1a: Arceus|Burning Bulwark||[still]\n|-fail|p1a: Arceus\n|move|p2a: Chansey|Glare|p1a: Arceus\n|-status|p1a: Arceus|par\n|\n|upkeep\n|turn|30\n|\n|t:|1711894275\n|move|p1a: Arceus|Burning Bulwark|p1a: Arceus\n|-singleturn|p1a: Arceus|move: Protect\n|move|p2a: Chansey|Sunsteel Strike|p1a: Arceus\n|-activate|p1a: Arceus|move: Protect\n|-status|p2a: Chansey|brn\n|\n|-damage|p2a: Chansey|94\/100 brn|[from] brn\n|upkeep\n|turn|31\n|\n|t:|1711894280\n|move|p2a: Chansey|Sunsteel Strike|p1a: Arceus\n|-damage|p1a: Arceus|60\/100 par\n|-damage|p2a: Chansey|78\/100 brn|[from] item: Rocky Helmet|[of] p1a: Arceus\n|move|p1a: Arceus|Glare||[still]\n|-fail|p1a: Arceus\n|\n|-damage|p2a: Chansey|71\/100 brn|[from] brn\n|upkeep\n|turn|32\n|c|\u2606Avg Noob|Shit\n|\n|t:|1711894285\n|move|p2a: Chansey|Sunsteel Strike|p1a: Arceus\n|-damage|p1a: Arceus|52\/100 par\n|-damage|p2a: Chansey|55\/100 brn|[from] item: Rocky Helmet|[of] p1a: Arceus\n|move|p1a: Arceus|Glare||[still]\n|-fail|p1a: Arceus\n|\n|-damage|p2a: Chansey|49\/100 brn|[from] brn\n|upkeep\n|turn|33\n|c|\u26064rk4ngel|Yeah nice gg m8\n|\n|t:|1711894288\n|move|p2a: Chansey|Sunsteel Strike|p1a: Arceus\n|-damage|p1a: Arceus|43\/100 par\n|-damage|p2a: Chansey|32\/100 brn|[from] item: Rocky Helmet|[of] p1a: Arceus\n|move|p1a: Arceus|Recover|p1a: Arceus\n|-heal|p1a: Arceus|93\/100 par\n|\n|-damage|p2a: Chansey|26\/100 brn|[from] brn\n|upkeep\n|turn|34\n|c|\u2606Avg Noob|Gg\n|\n|t:|1711894293\n|move|p2a: Chansey|Sunsteel Strike|p1a: Arceus\n|-damage|p1a: Arceus|85\/100 par\n|-damage|p2a: Chansey|9\/100 brn|[from] item: Rocky Helmet|[of] p1a: Arceus\n|move|p1a: Arceus|Sunsteel Strike|p2a: Chansey\n|-damage|p2a: Chansey|1\/100 brn\n|\n|-damage|p2a: Chansey|0 fnt|[from] brn\n|faint|p2a: Chansey\n|\n|win|4rk4ngel\n|upkeep\n|raw|4rk4ngel's rating: 1364 &rarr; <strong>1374<\/strong><br \/>(+10 for winning)\n|raw|Avg Noob's rating: 1179 &rarr; <strong>1166<\/strong><br \/>(-13 for losing)\n|l|\u2606Avg Noob\n|player|p2|\n|c|\u26064rk4ngel|Skill issue\n","uploadtime":1711894298,"views":3,"formatid":"gen9balancedhackmons","rating":1166,"private":0,"password":null}