{"id":"gen9balancedhackmons-2093333075","format":"[Gen 9] Balanced Hackmons","players":["FlashTGB","PEF2009"],"log":"|j|\u2606FlashTGB\n|j|\u2606PEF2009\n|t:|1711940555\n|gametype|singles\n|player|p1|FlashTGB|morty-masters|1000\n|player|p2|PEF2009|veteran|1000\n|teamsize|p1|6\n|teamsize|p2|6\n|gen|9\n|tier|[Gen 9] Balanced Hackmons\n|rated|\n|rule|OHKO Clause: OHKO moves are banned\n|rule|Evasion Clause: Evasion abilities, items, and moves are banned\n|rule|Evasion Abilities Clause: Evasion abilities are banned\n|rule|Evasion Items Clause: Evasion items are banned\n|rule|Evasion Moves Clause: Evasion moves are banned\n|rule|Species Clause: Limit one of each Pok\u00e9mon\n|rule|HP Percentage Mod: HP is shown in percentages\n|rule|Sleep Moves Clause: Sleep-inducing moves are banned\n|rule|Endless Battle Clause: Forcing endless battles is banned\n|rule|Species Reveal Clause: Reveals a Pok\u00e9mon's true species in hackmons-based metagames.\n|rule|Terastal Clause: You cannot Terastallize\n|clearpoke\n|poke|p1|Palkia-Origin|\n|poke|p1|Venusaur, F|\n|poke|p1|Escavalier, F|\n|poke|p1|Aegislash, M|\n|poke|p1|Greninja, M|\n|poke|p1|Miraidon|\n|poke|p2|Haxorus, M|\n|poke|p2|Ditto|\n|poke|p2|Sceptile, M|\n|poke|p2|Swampert, M|\n|poke|p2|Houndstone, M|\n|poke|p2|Ho-Oh|\n|teampreview\n|inactive|Battle timer is ON: inactive players will automatically lose when time's up. (requested by FlashTGB)\n|\n|t:|1711940560\n|start\n|switch|p1a: Aegislash|Aegislash, M|100\/100\n|switch|p2a: S|Haxorus, M, shiny|100\/100\n|turn|1\n|\n|t:|1711940568\n|move|p2a: S|Sandstorm|p2a: S\n|-weather|Sandstorm\n|move|p1a: Aegislash|Stealth Rock|p2a: S\n|-sidestart|p2: PEF2009|move: Stealth Rock\n|\n|-weather|Sandstorm|[upkeep]\n|upkeep\n|turn|2\n|\n|t:|1711940575\n|move|p2a: S|Sacred Sword|p1a: Aegislash\n|-immune|p1a: Aegislash\n|move|p1a: Aegislash|Sticky Web|p2a: S\n|-sidestart|p2: PEF2009|move: Sticky Web\n|\n|-weather|Sandstorm|[upkeep]\n|upkeep\n|turn|3\n|\n|t:|1711940584\n|move|p2a: S|Sacred Fire|p1a: Aegislash\n|-supereffective|p1a: Aegislash\n|-damage|p1a: Aegislash|54\/100\n|move|p1a: Aegislash|Toxic Spikes|p2a: S\n|-sidestart|p2: PEF2009|move: Toxic Spikes\n|\n|-weather|Sandstorm|[upkeep]\n|-heal|p1a: Aegislash|60\/100|[from] item: Leftovers\n|upkeep\n|turn|4\n|\n|t:|1711940594\n|move|p2a: S|Sacred Fire|p1a: Aegislash\n|-supereffective|p1a: Aegislash\n|-damage|p1a: Aegislash|5\/100\n|move|p1a: Aegislash|Toxic Spikes|p2a: S\n|-sidestart|p2: PEF2009|move: Toxic Spikes\n|\n|-weather|Sandstorm|[upkeep]\n|-heal|p1a: Aegislash|11\/100|[from] item: Leftovers\n|upkeep\n|turn|5\n|\n|t:|1711940600\n|move|p2a: S|Sacred Fire|p1a: Aegislash\n|-supereffective|p1a: Aegislash\n|-damage|p1a: Aegislash|0 fnt\n|faint|p1a: Aegislash\n|\n|-weather|none\n|upkeep\n|\n|t:|1711940610\n|switch|p1a: Escavalier|Escavalier, F|100\/100\n|turn|6\n|\n|t:|1711940614\n|move|p2a: S|Sacred Fire|p1a: Escavalier\n|-ability|p1a: Escavalier|Well-Baked Body|boost\n|-boost|p1a: Escavalier|def|2\n|move|p1a: Escavalier|Shift Gear|p1a: Escavalier\n|-boost|p1a: Escavalier|spe|2\n|-boost|p1a: Escavalier|atk|1\n|\n|upkeep\n|turn|7\n|\n|t:|1711940629\n|move|p1a: Escavalier|Burning Bulwark|p1a: Escavalier\n|-singleturn|p1a: Escavalier|move: Protect\n|move|p2a: S|Sacred Sword|p1a: Escavalier\n|-activate|p1a: Escavalier|move: Protect\n|-status|p2a: S|brn\n|\n|-damage|p2a: S|94\/100 brn|[from] brn\n|upkeep\n|turn|8\n|\n|t:|1711940637\n|move|p2a: S|Sandstorm|p2a: S\n|-weather|Sandstorm\n|move|p1a: Escavalier|Shift Gear|p1a: Escavalier\n|-boost|p1a: Escavalier|spe|2\n|-boost|p1a: Escavalier|atk|1\n|\n|-weather|Sandstorm|[upkeep]\n|-damage|p2a: S|88\/100 brn|[from] brn\n|upkeep\n|turn|9\n|\n|t:|1711940650\n|move|p2a: S|Sacred Sword|p1a: Escavalier\n|-damage|p1a: Escavalier|87\/100\n|move|p1a: Escavalier|Gigaton Hammer|p2a: S\n|-damage|p2a: S|0 fnt\n|faint|p2a: S\n|\n|-weather|Sandstorm|[upkeep]\n|-heal|p1a: Escavalier|94\/100|[from] item: Leftovers\n|upkeep\n|\n|t:|1711940658\n|switch|p2a: H|Ho-Oh, shiny|100\/100\n|-damage|p2a: H|50\/100|[from] Stealth Rock\n|turn|10\n|\n|t:|1711940664\n|move|p1a: Escavalier|Leech Life|p2a: H\n|-resisted|p2a: H\n|-damage|p2a: H|34\/100\n|-heal|p1a: Escavalier|100\/100|[from] drain|[of] p2a: H\n|move|p2a: H|Heavy Slam|p1a: Escavalier\n|-resisted|p1a: Escavalier\n|-damage|p1a: Escavalier|92\/100\n|\n|-weather|Sandstorm|[upkeep]\n|-damage|p2a: H|27\/100|[from] Sandstorm\n|-heal|p1a: Escavalier|98\/100|[from] item: Leftovers\n|upkeep\n|turn|11\n|\n|t:|1711940675\n|move|p1a: Escavalier|Leech Life|p2a: H\n|-resisted|p2a: H\n|-damage|p2a: H|10\/100\n|-heal|p1a: Escavalier|100\/100|[from] drain|[of] p2a: H\n|move|p2a: H|Hyper Drill|p1a: Escavalier\n|-resisted|p1a: Escavalier\n|-damage|p1a: Escavalier|93\/100\n|\n|-weather|Sandstorm|[upkeep]\n|-damage|p2a: H|4\/100|[from] Sandstorm\n|-heal|p1a: Escavalier|99\/100|[from] item: Leftovers\n|upkeep\n|turn|12\n|\n|t:|1711940685\n|move|p1a: Escavalier|Leech Life|p2a: H\n|-resisted|p2a: H\n|-damage|p2a: H|0 fnt\n|-heal|p1a: Escavalier|100\/100|[from] drain|[of] p2a: H\n|faint|p2a: H\n|\n|-weather|none\n|upkeep\n|\n|t:|1711940693\n|switch|p2a: O|Sceptile, M, shiny|100\/100\n|-damage|p2a: O|88\/100|[from] Stealth Rock\n|-activate|p2a: O|move: Sticky Web\n|-unboost|p2a: O|spe|1\n|-status|p2a: O|tox\n|turn|13\n|\n|t:|1711940702\n|move|p1a: Escavalier|Leech Life|p2a: O\n|-supereffective|p2a: O\n|-damage|p2a: O|0 fnt\n|faint|p2a: O\n|\n|upkeep\n|\n|t:|1711940706\n|switch|p2a: O|Ditto, shiny|100\/100\n|-damage|p2a: O|88\/100|[from] Stealth Rock\n|-activate|p2a: O|move: Sticky Web\n|-unboost|p2a: O|spe|1\n|-status|p2a: O|tox\n|turn|14\n|\n|t:|1711940713\n|move|p1a: Escavalier|Gigaton Hammer|p2a: O\n|-damage|p2a: O|0 fnt\n|faint|p2a: O\n|\n|upkeep\n|\n|t:|1711940717\n|switch|p2a: D|Houndstone, M|100\/100\n|-damage|p2a: D|88\/100|[from] Stealth Rock\n|-activate|p2a: D|move: Sticky Web\n|-unboost|p2a: D|spe|1\n|-status|p2a: D|tox\n|turn|15\n|\n|t:|1711940725\n|move|p1a: Escavalier|Leech Life|p2a: D\n|-resisted|p2a: D\n|-damage|p2a: D|54\/100 tox\n|move|p2a: D|Dive||[still]\n|-prepare|p2a: D|Dive\n|\n|-damage|p2a: D|48\/100 tox|[from] psn\n|upkeep\n|turn|16\n|\n|t:|1711940732\n|move|p1a: Escavalier|Burning Bulwark|p1a: Escavalier\n|-singleturn|p1a: Escavalier|move: Protect\n|move|p2a: D|Dive|p1a: Escavalier|[from]lockedmove\n|-activate|p1a: Escavalier|move: Protect\n|\n|-damage|p2a: D|36\/100 tox|[from] psn\n|upkeep\n|turn|17\n|j| gigapichu\n|\n|t:|1711940738\n|move|p1a: Escavalier|Leech Life|p2a: D\n|-resisted|p2a: D\n|-damage|p2a: D|0 fnt\n|faint|p2a: D\n|\n|upkeep\n|\n|t:|1711940743\n|switch|p2a: P|Swampert, M, shiny|100\/100\n|-damage|p2a: P|94\/100|[from] Stealth Rock\n|-activate|p2a: P|move: Sticky Web\n|-unboost|p2a: P|spe|1\n|-status|p2a: P|tox\n|turn|18\n|\n|t:|1711940752\n|move|p1a: Escavalier|Gigaton Hammer|p2a: P\n|-resisted|p2a: P\n|-damage|p2a: P|26\/100 tox\n|move|p2a: P|Petal Blizzard|p1a: Escavalier\n|-resisted|p1a: Escavalier\n|-damage|p1a: Escavalier|97\/100\n|\n|-heal|p1a: Escavalier|100\/100|[from] item: Leftovers\n|-damage|p2a: P|20\/100 tox|[from] psn\n|upkeep\n|turn|19\n|\n|t:|1711940769\n|move|p1a: Escavalier|Leech Life|p2a: P\n|-damage|p2a: P|0 fnt\n|faint|p2a: P\n|\n|win|FlashTGB\n|raw|FlashTGB's rating: 1000 &rarr; <strong>1040<\/strong><br \/>(+40 for winning)\n|raw|PEF2009's rating: 1000 &rarr; <strong>1000<\/strong><br \/>(+0 for losing)\n|c|\u2606FlashTGB|gg\n|l|\u2606PEF2009\n|player|p2|\n","uploadtime":1711940773,"views":1,"formatid":"gen9balancedhackmons","rating":1000,"private":0,"password":null}