{"id":"gen9balancedhackmons-2093212356","format":"[Gen 9] Balanced Hackmons","players":["Daveowulf","Superperson00"],"log":"|j|\u2606Daveowulf\n|j|\u2606Superperson00\n|t:|1711925691\n|gametype|singles\n|player|p1|Daveowulf|backers|\n|player|p2|Superperson00|1|\n|teamsize|p1|6\n|teamsize|p2|6\n|gen|9\n|tier|[Gen 9] Balanced Hackmons\n|rule|OHKO Clause: OHKO moves are banned\n|rule|Evasion Clause: Evasion abilities, items, and moves are banned\n|rule|Evasion Abilities Clause: Evasion abilities are banned\n|rule|Evasion Items Clause: Evasion items are banned\n|rule|Evasion Moves Clause: Evasion moves are banned\n|rule|Species Clause: Limit one of each Pok\u00e9mon\n|rule|HP Percentage Mod: HP is shown in percentages\n|rule|Sleep Moves Clause: Sleep-inducing moves are banned\n|rule|Endless Battle Clause: Forcing endless battles is banned\n|rule|Species Reveal Clause: Reveals a Pok\u00e9mon's true species in hackmons-based metagames.\n|rule|Terastal Clause: You cannot Terastallize\n|clearpoke\n|poke|p1|Dragapult, F|\n|poke|p1|Kingambit, M|\n|poke|p1|Comfey, M|\n|poke|p1|Espeon, M|\n|poke|p1|Lopunny, F|\n|poke|p1|Quilladin, M|\n|poke|p2|Annihilape, F|\n|poke|p2|Alakazam, F|\n|poke|p2|Volcarona, F|\n|poke|p2|Swampert, F|\n|poke|p2|Exeggutor-Alola, M|\n|poke|p2|Kilowattrel, F|\n|teampreview\n|c|\u2606Superperson00|hf!\n|c|\u2606Daveowulf|gl hf!\n|c|\u2606Daveowulf|this one decides playoffs\n|j| DrStrangeMcDuckVGC\n|c|\u2606Superperson00|the game to make it or break it\n|c|\u2606Daveowulf|just hope I prepped for the right sets\n|c| DrStrangeMcDuckVGC|There\u2019s no way\n|c|\u2606Superperson00|same same\n|\n|t:|1711925741\n|start\n|switch|p1a: Fubuki|Espeon, M|100\/100\n|switch|p2a: Kilowattrel|Kilowattrel, F|100\/100\n|turn|1\n|c| DrStrangeMcDuckVGC|ur actually doing a metronome off\n|\n|t:|1711925747\n|move|p2a: Kilowattrel|Metronome|p2a: Kilowattrel\n|move|p2a: Kilowattrel|Ice Beam|p1a: Fubuki|[from]move: Metronome\n|-damage|p1a: Fubuki|73\/100\n|move|p1a: Fubuki|Metronome|p1a: Fubuki\n|move|p1a: Fubuki|Bubble Beam|p2a: Kilowattrel|[from]move: Metronome\n|-damage|p2a: Kilowattrel|78\/100\n|\n|-heal|p2a: Kilowattrel|84\/100|[from] item: Leftovers\n|upkeep\n|turn|2\n|c|\u2606Superperson00|why wouldn't we\n|c| DrStrangeMcDuckVGC|I hate this\n|c|\u2606Superperson00|fuck i didn't prep for bubble beam\n|\n|t:|1711925758\n|move|p2a: Kilowattrel|Metronome|p2a: Kilowattrel\n|move|p2a: Kilowattrel|Triple Axel|p1a: Fubuki|[from]move: Metronome\n|-damage|p1a: Fubuki|66\/100\n|-damage|p1a: Fubuki|51\/100\n|-damage|p1a: Fubuki|28\/100\n|-hitcount|p1a: Fubuki|3\n|move|p1a: Fubuki|Metronome|p1a: Fubuki\n|move|p1a: Fubuki|Acid Spray|p2a: Kilowattrel|[from]move: Metronome\n|-damage|p2a: Kilowattrel|70\/100\n|-unboost|p2a: Kilowattrel|spd|2\n|\n|-heal|p2a: Kilowattrel|76\/100|[from] item: Leftovers\n|upkeep\n|turn|3\n|c|\u2606Daveowulf|ooh physical\n|\n|t:|1711925770\n|move|p2a: Kilowattrel|Metronome|p2a: Kilowattrel\n|move|p2a: Kilowattrel|Volt Switch|p1a: Fubuki|[from]move: Metronome\n|-damage|p1a: Fubuki|0 fnt\n|faint|p1a: Fubuki\n|c|\u2606Superperson00|yooooooo\n|c|\u2606Superperson00|holy heat\n|c| DrStrangeMcDuckVGC|YO THE TACTICA\n|\n|t:|1711925782\n|switch|p2a: Alakazam|Alakazam, F|100\/100|[from] Volt Switch\n|\n|upkeep\n|\n|t:|1711925790\n|switch|p1a: Garou|Lopunny, F|100\/100\n|turn|4\n|c|\u2606Superperson00|mega v mega\n|c|\u2606Daveowulf|still winnable\n|c|\u2606Superperson00|why mega at all\n|\n|t:|1711925801\n|move|p1a: Garou|Metronome|p1a: Garou\n|move|p1a: Garou|Poison Sting|p2a: Alakazam|[from]move: Metronome\n|-damage|p2a: Alakazam|95\/100\n|-status|p2a: Alakazam|psn\n|move|p2a: Alakazam|Metronome|p2a: Alakazam\n|move|p2a: Alakazam|Work Up|p2a: Alakazam|[from]move: Metronome\n|-boost|p2a: Alakazam|atk|1\n|-boost|p2a: Alakazam|spa|1\n|\n|upkeep\n|turn|5\n|c| DrStrangeMcDuckVGC|Bros setting up\n|c|\u2606Daveowulf|oof the prediction\n|\n|t:|1711925816\n|move|p1a: Garou|Metronome|p1a: Garou\n|move|p1a: Garou|Thunder Punch|p2a: Alakazam|[from]move: Metronome\n|-damage|p2a: Alakazam|69\/100 psn\n|move|p2a: Alakazam|Metronome|p2a: Alakazam\n|move|p2a: Alakazam|Reflect Type|p1a: Garou|[from]move: Metronome\n|-start|p2a: Alakazam|typechange|[from] move: Reflect Type|[of] p1a: Garou\n|\n|upkeep\n|-start|p2a: Alakazam|typechange|Normal|[silent]\n|turn|6\n|c|\u2606Superperson00|gonna be swept\n|\n|t:|1711925823\n|move|p1a: Garou|Metronome|p1a: Garou\n|move|p1a: Garou|Frenzy Plant|p2a: Alakazam|[from]move: Metronome\n|-damage|p2a: Alakazam|44\/100 psn\n|-mustrecharge|p1a: Garou\n|move|p2a: Alakazam|Metronome|p2a: Alakazam\n|move|p2a: Alakazam|Aqua Cutter|p1a: Garou|[from]move: Metronome\n|-damage|p1a: Garou|84\/100\n|\n|upkeep\n|turn|7\n|\n|t:|1711925830\n|cant|p1a: Garou|recharge\n|move|p2a: Alakazam|Metronome|p2a: Alakazam\n|move|p2a: Alakazam|Crunch|p1a: Garou|[from]move: Metronome\n|-damage|p1a: Garou|65\/100\n|-unboost|p1a: Garou|def|1\n|\n|upkeep\n|turn|8\n|c|\u2606Daveowulf|typical hax smh\n|c|\u2606Superperson00|W stat drop\n|\n|t:|1711925842\n|move|p1a: Garou|Metronome|p1a: Garou\n|move|p1a: Garou|Shadow Sneak|p2a: Alakazam|[from]move: Metronome\n|-immune|p2a: Alakazam\n|move|p2a: Alakazam|Metronome|p2a: Alakazam\n|move|p2a: Alakazam|Tera Blast|p1a: Garou|[from]move: Metronome\n|-damage|p1a: Garou|12\/100\n|\n|upkeep\n|turn|9\n|c|\u2606Superperson00|look at thius\n|c|\u2606Superperson00|denying priority\n|\n|t:|1711925853\n|move|p1a: Garou|Metronome|p1a: Garou\n|move|p1a: Garou|Razor Leaf|p2a: Alakazam|[from]move: Metronome\n|-damage|p2a: Alakazam|26\/100 psn\n|move|p2a: Alakazam|Metronome|p2a: Alakazam\n|move|p2a: Alakazam|Fury Cutter|p1a: Garou|[from]move: Metronome\n|-damage|p1a: Garou|0 fnt\n|faint|p1a: Garou\n|\n|upkeep\n|c| DrStrangeMcDuckVGC|Reflect type into stab Tera blast\n|c|\u2606Daveowulf|he might get the 6-0 he needs\n|c| DrStrangeMcDuckVGC|he\u2019s better\n|\n|t:|1711925866\n|switch|p1a: Tatsumaki|Comfey, M|100\/100\n|turn|10\n|c|\u2606Superperson00|do i need 6-0\n|c|\u2606Superperson00|:o\n|c| DrStrangeMcDuckVGC|No you just need to not get 5-0d\n|c|\u2606Daveowulf|or 5-0 right?\n|\n|t:|1711925888\n|move|p2a: Alakazam|Metronome|p2a: Alakazam\n|move|p2a: Alakazam|Tera Blast|p1a: Tatsumaki|[from]move: Metronome\n|-damage|p1a: Tatsumaki|35\/100\n|move|p1a: Tatsumaki|Metronome|p1a: Tatsumaki\n|move|p1a: Tatsumaki|Sunny Day|p1a: Tatsumaki|[from]move: Metronome\n|-weather|SunnyDay\n|\n|-weather|SunnyDay|[upkeep]\n|upkeep\n|turn|11\n|c| DrStrangeMcDuckVGC|so\n|c| DrStrangeMcDuckVGC|ur already fine\n|\n|t:|1711925895\n|move|p2a: Alakazam|Metronome|p2a: Alakazam\n|move|p2a: Alakazam|Arm Thrust|p1a: Tatsumaki|[from]move: Metronome\n|-resisted|p1a: Tatsumaki\n|-damage|p1a: Tatsumaki|34\/100\n|-resisted|p1a: Tatsumaki\n|-damage|p1a: Tatsumaki|32\/100\n|-resisted|p1a: Tatsumaki\n|-damage|p1a: Tatsumaki|30\/100\n|-hitcount|p1a: Tatsumaki|3\n|move|p1a: Tatsumaki|Metronome|p1a: Tatsumaki\n|move|p1a: Tatsumaki|Swords Dance|p1a: Tatsumaki|[from]move: Metronome\n|-boost|p1a: Tatsumaki|atk|2\n|\n|-weather|SunnyDay|[upkeep]\n|upkeep\n|turn|12\n|c|\u2606Superperson00|truuu\n|\n|t:|1711925906\n|move|p2a: Alakazam|Metronome|p2a: Alakazam\n|move|p2a: Alakazam|Spite|p1a: Tatsumaki|[from]move: Metronome\n|-activate|p1a: Tatsumaki|move: Spite|Metronome|4\n|move|p1a: Tatsumaki|Metronome|p1a: Tatsumaki\n|move|p1a: Tatsumaki|Magma Storm|p2a: Alakazam|[from]move: Metronome\n|-damage|p2a: Alakazam|1\/100 psn\n|-activate|p2a: Alakazam|move: Magma Storm|[of] p1a: Tatsumaki\n|\n|-weather|SunnyDay|[upkeep]\n|upkeep\n|turn|13\n|c| DrStrangeMcDuckVGC|Ey yo the comfey SD\n|c|\u2606Superperson00|omg\n|c| DrStrangeMcDuckVGC|Tactical Spire\n|c|\u2606Superperson00|magic guard clutch\n|c|\u2606Daveowulf|classic sd fire dance magma storm\n|\n|t:|1711925922\n|move|p2a: Alakazam|Metronome|p2a: Alakazam\n|move|p2a: Alakazam|Fissure|p1a: Tatsumaki|[from]move: Metronome\n|-damage|p1a: Tatsumaki|0 fnt\n|faint|p1a: Tatsumaki\n|-ohko\n|\n|-weather|SunnyDay|[upkeep]\n|-end|p2a: Alakazam|Magma Storm|[partiallytrapped]|[silent]\n|upkeep\n|c|\u2606Superperson00|YO\n|c| DrStrangeMcDuckVGC|Okay so uhh\n|c|\u2606Daveowulf|GOTTEM WITH THE FISSURE\n|c| DrStrangeMcDuckVGC|we have OKHO clause\n|\n|t:|1711925936\n|switch|p1a: Genos|Dragapult, F|100\/100\n|turn|14\n|c| DrStrangeMcDuckVGC|so I\u2019m afraid that\u2019s an auto L for cheating\n|c|\u2606Daveowulf|ez super L\n|c|\u2606Superperson00|nooo\n|c|\u2606Daveowulf|also ban him\n|c| DrStrangeMcDuckVGC|I\u2019m joking\n|\n|t:|1711925953\n|switch|p2a: Exeggutor|Exeggutor-Alola, M|100\/100\n|-item|p1a: Genos|Life Orb|[from] ability: Frisk|[of] p2a: Exeggutor|[identify]\n|move|p1a: Genos|Metronome|p1a: Genos\n|move|p1a: Genos|Poison Powder|p2a: Exeggutor|[from]move: Metronome\n|-immune|p2a: Exeggutor\n|\n|-weather|none\n|upkeep\n|turn|15\n|c| DrStrangeMcDuckVGC|keep going\n|c|\u2606Daveowulf|ooooh\n|c|\u2606Daveowulf|he's preserving the 6-0\n|c|\u2606Superperson00|the tactics\n|\n|t:|1711925968\n|move|p1a: Genos|Metronome|p1a: Genos\n|move|p1a: Genos|Acupressure|p1a: Genos|[from]move: Metronome\n|-boost|p1a: Genos|evasion|2\n|move|p2a: Exeggutor|Metronome|p2a: Exeggutor\n|move|p2a: Exeggutor|Safeguard|p2a: Exeggutor|[from]move: Metronome\n|-sidestart|p2: Superperson00|Safeguard\n|\n|upkeep\n|turn|16\n|c|\u2606Superperson00|fuck\n|\n|t:|1711925975\n|move|p1a: Genos|Metronome|p1a: Genos\n|move|p1a: Genos|Crabhammer|p2a: Exeggutor|[from]move: Metronome|[miss]\n|-miss|p1a: Genos|p2a: Exeggutor\n|move|p2a: Exeggutor|Metronome|p2a: Exeggutor\n|move|p2a: Exeggutor|Brick Break|p1a: Genos|[from]move: Metronome\n|-immune|p1a: Genos\n|\n|upkeep\n|turn|17\n|c| DrStrangeMcDuckVGC|You realize the looser of this has to play me right\n|c| DrStrangeMcDuckVGC|lol\n|\n|t:|1711925983\n|move|p1a: Genos|Metronome|p1a: Genos\n|move|p1a: Genos|Fly||[from]move: Metronome|[still]\n|-prepare|p1a: Genos|Fly\n|move|p2a: Exeggutor|Metronome|p2a: Exeggutor\n|move|p2a: Exeggutor|Gigaton Hammer|p1a: Genos|[from]move: Metronome|[miss]\n|-miss|p2a: Exeggutor|p1a: Genos\n|\n|upkeep\n|turn|18\n|c| DrStrangeMcDuckVGC|Eh actually idk if that\u2019s true\n|c| DrStrangeMcDuckVGC|oh well\n|c|\u2606Daveowulf|that feels like an ez win tbh\n|\n|t:|1711925995\n|switch|p2a: Kilowattrel|Kilowattrel, F|76\/100\n|move|p1a: Genos|Fly|p2a: Kilowattrel|[from]lockedmove\n|-resisted|p2a: Kilowattrel\n|-damage|p2a: Kilowattrel|57\/100\n|-damage|p1a: Genos|90\/100|[from] item: Life Orb\n|\n|-heal|p2a: Kilowattrel|64\/100|[from] item: Leftovers\n|upkeep\n|turn|19\n|c| DrStrangeMcDuckVGC|huess we will find out\n|\n|t:|1711926003\n|move|p2a: Kilowattrel|Metronome|p2a: Kilowattrel\n|move|p2a: Kilowattrel|Defog|p1a: Genos|[from]move: Metronome\n|-unboost|p1a: Genos|evasion|1\n|move|p1a: Genos|Metronome|p1a: Genos\n|move|p1a: Genos|Psychic Fangs|p2a: Kilowattrel|[from]move: Metronome\n|-damage|p2a: Kilowattrel|31\/100\n|-damage|p1a: Genos|80\/100|[from] item: Life Orb\n|\n|-heal|p2a: Kilowattrel|37\/100|[from] item: Leftovers\n|-sideend|p2: Superperson00|Safeguard\n|upkeep\n|turn|20\n|c| DrStrangeMcDuckVGC|Daveo u literally lost last time shut up lol\n|\n|t:|1711926013\n|move|p2a: Kilowattrel|Metronome|p2a: Kilowattrel\n|move|p2a: Kilowattrel|Dynamic Punch|p1a: Genos|[from]move: Metronome\n|-immune|p1a: Genos\n|move|p1a: Genos|Metronome|p1a: Genos\n|move|p1a: Genos|Cotton Guard|p1a: Genos|[from]move: Metronome\n|-boost|p1a: Genos|def|3\n|\n|-heal|p2a: Kilowattrel|43\/100|[from] item: Leftovers\n|upkeep\n|turn|21\n|c|\u2606Daveowulf|tactical loss\n|c|\u2606Superperson00|oml\n|\n|t:|1711926021\n|move|p2a: Kilowattrel|Metronome|p2a: Kilowattrel\n|move|p2a: Kilowattrel|Soak|p1a: Genos|[from]move: Metronome\n|-start|p1a: Genos|typechange|Water\n|move|p1a: Genos|Metronome|p1a: Genos\n|move|p1a: Genos|Water Shuriken|p2a: Kilowattrel|[from]move: Metronome\n|-damage|p2a: Kilowattrel|35\/100\n|-damage|p2a: Kilowattrel|28\/100\n|-damage|p2a: Kilowattrel|20\/100\n|-damage|p2a: Kilowattrel|12\/100\n|-damage|p2a: Kilowattrel|5\/100\n|-hitcount|p2a: Kilowattrel|5\n|-damage|p1a: Genos|70\/100|[from] item: Life Orb\n|\n|-heal|p2a: Kilowattrel|11\/100|[from] item: Leftovers\n|upkeep\n|turn|22\n|c|\u2606Superperson00|pult sweep\n|c|\u2606Daveowulf|oooooh\n|c|\u2606Superperson00|i gavce you stab\n|c|\u2606Daveowulf|predicted the soak\n|c|\u2606Superperson00|omg\n|\n|t:|1711926038\n|move|p1a: Genos|Metronome|p1a: Genos\n|move|p1a: Genos|Superpower|p2a: Kilowattrel|[from]move: Metronome\n|-resisted|p2a: Kilowattrel\n|-damage|p2a: Kilowattrel|0 fnt\n|-unboost|p1a: Genos|atk|1\n|-unboost|p1a: Genos|def|1\n|faint|p2a: Kilowattrel\n|-damage|p1a: Genos|60\/100|[from] item: Life Orb\n|\n|upkeep\n|c| DrStrangeMcDuckVGC|This battle is nuts\n|c|\u2606Superperson00|nooo the 6-0\n|\n|t:|1711926046\n|switch|p2a: Volcarona|Volcarona, F|100\/100\n|turn|23\n|c|\u2606Daveowulf|volc into my water type?\n|c|\u2606Superperson00|ikr\n|c|\u2606Daveowulf|bad player tbh\n|\n|t:|1711926061\n|move|p1a: Genos|Metronome|p1a: Genos\n|move|p1a: Genos|Shadow Claw|p2a: Volcarona|[from]move: Metronome\n|-damage|p2a: Volcarona|84\/100\n|-damage|p1a: Genos|50\/100|[from] item: Life Orb\n|move|p2a: Volcarona|Metronome|p2a: Volcarona\n|move|p2a: Volcarona|Psychic Fangs|p1a: Genos|[from]move: Metronome|[miss]\n|-miss|p2a: Volcarona|p1a: Genos\n|\n|-heal|p2a: Volcarona|90\/100|[from] item: Leftovers\n|upkeep\n|turn|24\n|\n|t:|1711926070\n|move|p1a: Genos|Metronome|p1a: Genos\n|move|p1a: Genos|Bolt Strike|p2a: Volcarona|[from]move: Metronome|[miss]\n|-miss|p1a: Genos|p2a: Volcarona\n|move|p2a: Volcarona|Metronome|p2a: Volcarona\n|move|p2a: Volcarona|Fickle Beam|p1a: Genos|[from]move: Metronome\n|-damage|p1a: Genos|18\/100\n|-start|p2a: Volcarona|Disable|Metronome|[from] ability: Cursed Body|[of] p1a: Genos\n|\n|-heal|p2a: Volcarona|96\/100|[from] item: Leftovers\n|upkeep\n|turn|25\n|c| DrStrangeMcDuckVGC|This evasion boost is borderline cheating ngl\n|c|\u2606Daveowulf|lmao\n|c| DrStrangeMcDuckVGC|BRO\n|c|\u2606Superperson00|omfg\n|c| DrStrangeMcDuckVGC|YOU CANT JUST DO JIM LIKE THST\n|c|\u2606Superperson00|cursed body to deny metronome\n|c|\u2606Daveowulf|I was praying that would go off XD\n|c|\u2606Superperson00|that's cold\n|\n|t:|1711926101\n|switch|p2a: Swampert|Swampert, F|100\/100\n|move|p1a: Genos|Metronome|p1a: Genos\n|move|p1a: Genos|Bullet Punch|p2a: Swampert|[from]move: Metronome\n|-resisted|p2a: Swampert\n|-damage|p2a: Swampert|97\/100\n|-damage|p1a: Genos|8\/100|[from] item: Life Orb\n|\n|-heal|p2a: Swampert|100\/100|[from] item: Leftovers\n|upkeep\n|turn|26\n|c|\u2606Daveowulf|chip\n|c|\u2606Superperson00|ikr\n|\n|t:|1711926113\n|move|p1a: Genos|Metronome|p1a: Genos\n|move|p1a: Genos|Fickle Beam|p2a: Swampert|[from]move: Metronome\n|-damage|p2a: Swampert|82\/100\n|-damage|p1a: Genos|0 fnt|[from] item: Life Orb\n|faint|p1a: Genos\n|move|p2a: Swampert|Metronome|p2a: Swampert\n|move|p2a: Swampert|Fire Spin|p1: Genos|[from]move: Metronome|[notarget]\n|-fail|p2a: Swampert\n|\n|-heal|p2a: Swampert|89\/100|[from] item: Leftovers\n|upkeep\n|c| DrStrangeMcDuckVGC|Life orb in a metronome match is wild\n|\n|t:|1711926122\n|switch|p1a: Mumen Rider|Quilladin, M|100\/100\n|turn|27\n|c|\u2606Daveowulf|I needed the extra damage\n|c|\u2606Daveowulf|for the superpower kill on bird\n|\n|t:|1711926141\n|move|p2a: Swampert|Metronome|p2a: Swampert\n|move|p2a: Swampert|Steel Wing|p1a: Mumen Rider|[from]move: Metronome\n|-damage|p1a: Mumen Rider|86\/100\n|move|p1a: Mumen Rider|Metronome|p1a: Mumen Rider\n|move|p1a: Mumen Rider|Taunt|p2a: Swampert|[from]move: Metronome\n|-start|p2a: Swampert|move: Taunt\n|\n|-heal|p2a: Swampert|95\/100|[from] item: Leftovers\n|upkeep\n|turn|28\n|c| DrStrangeMcDuckVGC|Pffff\n|c|\u2606Daveowulf|does taunt stop metronome?\n|c| DrStrangeMcDuckVGC|Cursed body now taunt\n|c|\u2606Superperson00|yes\n|c|\u2606Superperson00|struggle\n|\n|t:|1711926163\n|switch|p2a: Volcarona|Volcarona, F|96\/100\n|move|p1a: Mumen Rider|Metronome|p1a: Mumen Rider\n|move|p1a: Mumen Rider|Facade|p2a: Volcarona|[from]move: Metronome\n|-damage|p2a: Volcarona|82\/100\n|\n|-heal|p2a: Volcarona|88\/100|[from] item: Leftovers\n|upkeep\n|turn|29\n|c| DrStrangeMcDuckVGC|hes getting trolled\n|\n|t:|1711926172\n|move|p2a: Volcarona|Metronome|p2a: Volcarona\n|move|p2a: Volcarona|Flail|p1a: Mumen Rider|[from]move: Metronome\n|-damage|p1a: Mumen Rider|83\/100\n|move|p1a: Mumen Rider|Metronome|p1a: Mumen Rider\n|move|p1a: Mumen Rider|Sweet Scent|p2a: Volcarona|[from]move: Metronome\n|-unboost|p2a: Volcarona|evasion|2\n|\n|-heal|p2a: Volcarona|94\/100|[from] item: Leftovers\n|upkeep\n|turn|30\n|c|\u2606Superperson00|im getting swept by quilladin\n|\n|t:|1711926180\n|move|p2a: Volcarona|Metronome|p2a: Volcarona\n|move|p2a: Volcarona|Lock-On|p1a: Mumen Rider|[from]move: Metronome\n|-activate|p2a: Volcarona|move: Lock-On|[of] p1a: Mumen Rider\n|move|p1a: Mumen Rider|Metronome|p1a: Mumen Rider\n|move|p1a: Mumen Rider|Dragon Pulse|p2a: Volcarona|[from]move: Metronome\n|-damage|p2a: Volcarona|86\/100\n|\n|-heal|p2a: Volcarona|92\/100|[from] item: Leftovers\n|upkeep\n|turn|31\n|\n|t:|1711926189\n|move|p2a: Volcarona|Metronome|p2a: Volcarona\n|move|p2a: Volcarona|Sky Attack||[from]move: Metronome|[still]\n|-prepare|p2a: Volcarona|Sky Attack\n|move|p1a: Mumen Rider|Metronome|p1a: Mumen Rider\n|move|p1a: Mumen Rider|Ember|p2a: Volcarona|[from]move: Metronome\n|-damage|p2a: Volcarona|88\/100\n|\n|-heal|p2a: Volcarona|94\/100|[from] item: Leftovers\n|upkeep\n|turn|32\n|c|\u2606Daveowulf|I may run out of pp\n|\n|t:|1711926198\n|switch|p1a: Atomic Samurai|Kingambit, M|100\/100\n|-activate|p1a: Atomic Samurai|ability: Supreme Overlord\n|-start|p1a: Atomic Samurai|fallen4|[silent]\n|move|p2a: Volcarona|Sky Attack|p1a: Atomic Samurai|[from]lockedmove\n|-resisted|p1a: Atomic Samurai\n|-damage|p1a: Atomic Samurai|89\/100\n|\n|-heal|p2a: Volcarona|99\/100|[from] item: Leftovers\n|-heal|p1a: Atomic Samurai|95\/100|[from] item: Leftovers\n|upkeep\n|turn|33\n|c| DrStrangeMcDuckVGC|LOL SKY ATTACK COMING IN\n|c|\u2606Superperson00|oh no\n|c| DrStrangeMcDuckVGC|K it\u2019s time for the goat\n|\n|t:|1711926225\n|move|p2a: Volcarona|Metronome|p2a: Volcarona\n|move|p2a: Volcarona|Attract|p1a: Atomic Samurai|[from]move: Metronome\n|-start|p1a: Atomic Samurai|Attract\n|-activate|p1a: Atomic Samurai|move: Attract|[of] p2a: Volcarona\n|move|p1a: Atomic Samurai|Metronome|p1a: Atomic Samurai\n|move|p1a: Atomic Samurai|Memento|p2a: Volcarona|[from]move: Metronome\n|-unboost|p2a: Volcarona|atk|2\n|-unboost|p2a: Volcarona|spa|2\n|faint|p1a: Atomic Samurai\n|-end|p1a: Atomic Samurai|fallen4|[silent]\n|\n|-heal|p2a: Volcarona|100\/100|[from] item: Leftovers\n|upkeep\n|c| DrStrangeMcDuckVGC|PFFF\n|c|\u2606Daveowulf|nooooo\n|c|\u2606Superperson00|YOOOOOOOO\n|c| DrStrangeMcDuckVGC|LJAJAJSHCHXD\n|\n|t:|1711926239\n|switch|p1a: Mumen Rider|Quilladin, M|83\/100\n|turn|34\n|c|\u2606Superperson00|WE'RE SO KINGAMBACK\n|c|\u2606Daveowulf|rip the dream\n|\n|t:|1711926248\n|switch|p2a: Annihilape|Annihilape, F|100\/100\n|move|p1a: Mumen Rider|Metronome|p1a: Mumen Rider\n|move|p1a: Mumen Rider|Magnetic Flux||[from]move: Metronome|[still]\n|-fail|p1a: Mumen Rider\n|\n|upkeep\n|turn|35\n|c| DrStrangeMcDuckVGC|The goat came in and mementod\n|\n|t:|1711926253\n|move|p2a: Annihilape|Metronome|p2a: Annihilape\n|move|p2a: Annihilape|Leaf Blade|p1a: Mumen Rider|[from]move: Metronome\n|-resisted|p1a: Mumen Rider\n|-damage|p1a: Mumen Rider|73\/100\n|move|p1a: Mumen Rider|Metronome|p1a: Mumen Rider\n|move|p1a: Mumen Rider|Muddy Water|p2a: Annihilape|[from]move: Metronome\n|-damage|p2a: Annihilape|91\/100\n|\n|upkeep\n|turn|36\n|\n|t:|1711926261\n|move|p2a: Annihilape|Metronome|p2a: Annihilape\n|move|p2a: Annihilape|Defense Curl|p2a: Annihilape|[from]move: Metronome\n|-boost|p2a: Annihilape|def|1\n|move|p1a: Mumen Rider|Metronome|p1a: Mumen Rider\n|move|p1a: Mumen Rider|Hyper Beam|p2a: Annihilape|[from]move: Metronome\n|-immune|p2a: Annihilape\n|\n|upkeep\n|turn|37\n|c| DrStrangeMcDuckVGC|It\u2019s okay 5 OKHO moves rn\n|\n|t:|1711926268\n|move|p2a: Annihilape|Metronome|p2a: Annihilape\n|move|p2a: Annihilape|Gravity|p2a: Annihilape|[from]move: Metronome\n|-fieldstart|move: Gravity\n|move|p1a: Mumen Rider|Metronome|p1a: Mumen Rider\n|move|p1a: Mumen Rider|Super Fang|p2a: Annihilape|[from]move: Metronome\n|-immune|p2a: Annihilape\n|\n|upkeep\n|turn|38\n|\n|t:|1711926273\n|move|p2a: Annihilape|Metronome|p2a: Annihilape\n|move|p2a: Annihilape|Withdraw|p2a: Annihilape|[from]move: Metronome\n|-boost|p2a: Annihilape|def|1\n|move|p1a: Mumen Rider|Metronome|p1a: Mumen Rider\n|move|p1a: Mumen Rider|Noble Roar|p2a: Annihilape|[from]move: Metronome\n|-unboost|p2a: Annihilape|atk|1\n|-ability|p2a: Annihilape|Defiant|boost\n|-boost|p2a: Annihilape|atk|2\n|-unboost|p2a: Annihilape|spa|1\n|-ability|p2a: Annihilape|Defiant|boost\n|-boost|p2a: Annihilape|atk|2\n|\n|upkeep\n|turn|39\n|c| DrStrangeMcDuckVGC|Only normal moves go crazy\n|c|\u2606Superperson00|W\n|c|\u2606Daveowulf|oh gof\n|\n|t:|1711926284\n|move|p2a: Annihilape|Metronome|p2a: Annihilape\n|move|p2a: Annihilape|Judgment|p1a: Mumen Rider|[from]move: Metronome\n|-damage|p1a: Mumen Rider|64\/100\n|move|p1a: Mumen Rider|Metronome|p1a: Mumen Rider\n|move|p1a: Mumen Rider|Grass Pledge|p2a: Annihilape|[from]move: Metronome\n|-damage|p2a: Annihilape|80\/100\n|\n|upkeep\n|turn|40\n|c|\u2606Superperson00|wtf\n|c|\u2606Daveowulf|eat tbh\n|c|\u2606Superperson00|that did nothing\n|\n|t:|1711926295\n|move|p2a: Annihilape|Metronome|p2a: Annihilape\n|move|p2a: Annihilape|Forest's Curse||[from]move: Metronome|[still]\n|-fail|p2a: Annihilape\n|move|p1a: Mumen Rider|Metronome|p1a: Mumen Rider\n|move|p1a: Mumen Rider|Upper Hand||[from]move: Metronome|[still]\n|-fail|p1a: Mumen Rider\n|\n|upkeep\n|turn|41\n|c| DrStrangeMcDuckVGC|Me when judgement does 9%\n|\n|t:|1711926302\n|move|p2a: Annihilape|Metronome|p2a: Annihilape\n|move|p2a: Annihilape|Dire Claw|p1a: Mumen Rider|[from]move: Metronome\n|-supereffective|p1a: Mumen Rider\n|-damage|p1a: Mumen Rider|0 fnt\n|faint|p1a: Mumen Rider\n|\n|win|Superperson00\n|c|\u2606Superperson00|gg\n|c|\u2606Daveowulf|gg man\n|c|\u2606Superperson00|my god\n|c|\u2606Superperson00|battle of the ages\n|c|\u2606Daveowulf|read me like a book tbh\n|l| DrStrangeMcDuckVGC\n|l|\u2606Daveowulf\n|player|p1|\n|c|\u2606Superperson00|water shuriken to outplay soak was a w move\n","uploadtime":1711926306,"views":38,"formatid":"gen9balancedhackmons","rating":null,"private":0,"password":null}