{"id":"gen9balancedhackmons-2092940770","format":"[Gen 9] Balanced Hackmons","players":["fremage","boppydop"],"log":"|j|\u2606fremage\n|j|\u2606boppydop\n|t:|1711893900\n|gametype|singles\n|player|p1|fremage|colress|1092\n|player|p2|boppydop|1|1000\n|teamsize|p1|6\n|teamsize|p2|3\n|gen|9\n|tier|[Gen 9] Balanced Hackmons\n|rated|\n|rule|OHKO Clause: OHKO moves are banned\n|rule|Evasion Clause: Evasion abilities, items, and moves are banned\n|rule|Evasion Abilities Clause: Evasion abilities are banned\n|rule|Evasion Items Clause: Evasion items are banned\n|rule|Evasion Moves Clause: Evasion moves are banned\n|rule|Species Clause: Limit one of each Pok\u00e9mon\n|rule|HP Percentage Mod: HP is shown in percentages\n|rule|Sleep Moves Clause: Sleep-inducing moves are banned\n|rule|Endless Battle Clause: Forcing endless battles is banned\n|rule|Species Reveal Clause: Reveals a Pok\u00e9mon's true species in hackmons-based metagames.\n|rule|Terastal Clause: You cannot Terastallize\n|clearpoke\n|poke|p1|Archaludon, M|\n|poke|p1|Blissey, F|\n|poke|p1|Delphox, M|\n|poke|p1|Dragapult, M|\n|poke|p1|Iron Treads|\n|poke|p1|Snorlax, F|\n|poke|p2|Zacian-*|\n|poke|p2|Arceus-Steel|\n|poke|p2|Necrozma-Dawn-Wings|\n|teampreview\n|inactive|Battle timer is ON: inactive players will automatically lose when time's up. (requested by fremage)\n|c|\u2606boppydop|sup\n|\n|t:|1711893905\n|start\n|switch|p1a: Archaludon|Archaludon, M|100\/100\n|switch|p2a: Arceus|Arceus-Steel|100\/100\n|-ability|p1a: Archaludon|Mold Breaker\n|turn|1\n|\n|t:|1711893912\n|move|p2a: Arceus|Taunt|p1a: Archaludon\n|-start|p1a: Archaludon|move: Taunt\n|cant|p1a: Archaludon|move: Taunt|Sticky Web\n|\n|upkeep\n|turn|2\n|\n|t:|1711893923\n|switch|p1a: Delphox|Delphox, M|100\/100\n|-weather|DesolateLand|[from] ability: Desolate Land|[of] p1a: Delphox\n|move|p2a: Arceus|Light Screen|p2a: Arceus\n|-sidestart|p2: boppydop|move: Light Screen\n|\n|-weather|DesolateLand|[upkeep]\n|upkeep\n|turn|3\n|\n|t:|1711893929\n|move|p2a: Arceus|Reflect|p2a: Arceus\n|-sidestart|p2: boppydop|Reflect\n|move|p1a: Delphox|Torch Song|p2a: Arceus\n|-supereffective|p2a: Arceus\n|-damage|p2a: Arceus|61\/100\n|-boost|p1a: Delphox|spa|1\n|-damage|p1a: Delphox|91\/100|[from] item: Life Orb\n|\n|-weather|DesolateLand|[upkeep]\n|upkeep\n|turn|4\n|\n|t:|1711893936\n|move|p2a: Arceus|Parting Shot|p1a: Delphox\n|-unboost|p1a: Delphox|atk|1\n|-unboost|p1a: Delphox|spa|1\n|\n|t:|1711893940\n|switch|p2a: Necrozma|Necrozma-Dawn-Wings|100\/100|[from] Parting Shot\n|move|p1a: Delphox|Blue Flare|p2a: Necrozma\n|-damage|p2a: Necrozma|66\/100\n|-damage|p1a: Delphox|81\/100|[from] item: Life Orb\n|\n|-weather|DesolateLand|[upkeep]\n|upkeep\n|turn|5\n|\n|t:|1711893948\n|move|p1a: Delphox|Astral Barrage|p2a: Necrozma\n|-supereffective|p2a: Necrozma\n|-damage|p2a: Necrozma|10\/100\n|-enditem|p2a: Necrozma|Weakness Policy\n|-boost|p2a: Necrozma|atk|4|[from] item: Weakness Policy\n|-boost|p2a: Necrozma|spa|4|[from] item: Weakness Policy\n|-damage|p1a: Delphox|71\/100|[from] item: Life Orb\n|move|p2a: Necrozma|No Retreat|p2a: Necrozma\n|-boost|p2a: Necrozma|atk|2\n|-boost|p2a: Necrozma|def|2\n|-boost|p2a: Necrozma|spa|2\n|-boost|p2a: Necrozma|spd|2\n|-boost|p2a: Necrozma|spe|2\n|-start|p2a: Necrozma|move: No Retreat\n|\n|-weather|DesolateLand|[upkeep]\n|upkeep\n|turn|6\n|c|\u2606boppydop|:)\n|\n|t:|1711893960\n|move|p2a: Necrozma|Stored Power|p1a: Delphox\n|-resisted|p1a: Delphox\n|-damage|p1a: Delphox|0 fnt\n|faint|p1a: Delphox\n|-weather|none\n|\n|upkeep\n|\n|t:|1711893966\n|switch|p1a: Blissey|Blissey, F|100\/100\n|-transform|p1a: Blissey|p2a: Necrozma|[from] ability: Imposter\n|turn|7\n|\n|t:|1711893976\n|move|p1a: Blissey|Stored Power|p2a: Necrozma\n|-resisted|p2a: Necrozma\n|-damage|p2a: Necrozma|0 fnt\n|faint|p2a: Necrozma\n|\n|upkeep\n|\n|t:|1711893978\n|switch|p2a: Zacian|Zacian-Crowned|100\/100\n|-ability|p2a: Zacian|Intrepid Sword|boost\n|-boost|p2a: Zacian|atk|1\n|turn|8\n|c|\u2606boppydop|wait hwat\n|c|\u2606boppydop|one sec\n|-message|boppydop forfeited.\n|\n|win|fremage\n|raw|fremage's rating: 1092 &rarr; <strong>1111<\/strong><br \/>(+19 for winning)\n|raw|boppydop's rating: 1000 &rarr; <strong>1000<\/strong><br \/>(+0 for losing)\n|l|\u2606boppydop\n|player|p2|\n","uploadtime":1711894008,"views":1,"formatid":"gen9balancedhackmons","rating":1000,"private":0,"password":null}