|j|☆SrPx
|j|☆StarKnightAwawawa
|t:|1711943369
|gametype|singles
|player|p1|SrPx|170|1194
|player|p2|StarKnightAwawawa|clown|1102
|teamsize|p1|6
|teamsize|p2|6
|gen|3
|tier|[Gen 3] OU
|rated|
|rule|Sleep Clause Mod: Limit one foe put to sleep
|rule|Switch Priority Clause Mod: Faster Pokémon switch first
|rule|Species Clause: Limit one of each Pokémon
|rule|OHKO Clause: OHKO moves are banned
|rule|Evasion Items Clause: Evasion items are banned
|rule|Evasion Moves Clause: Evasion moves are banned
|rule|Endless Battle Clause: Forcing endless battles is banned
|rule|HP Percentage Mod: HP is shown in percentages
|rule|One Boost Passer Clause: Limit one Baton Passer that has a way to boost its stats
|rule|Freeze Clause Mod: Limit one foe frozen
|
|t:|1711943369
|start
|switch|p1a: Tauros|Tauros, M|100/100
|switch|p2a: Zapdos|Zapdos|100/100
|-ability|p1a: Tauros|Intimidate|boost
|-unboost|p2a: Zapdos|atk|1
|turn|1
|inactive|Battle timer is ON: inactive players will automatically lose when time's up. (requested by StarKnightAwawawa)
|
|t:|1711943375
|switch|p2a: Skarmory|Skarmory, M|100/100
|move|p1a: Tauros|Return|p2a: Skarmory
|-resisted|p2a: Skarmory
|-damage|p2a: Skarmory|76/100
|
|-heal|p2a: Skarmory|82/100|[from] item: Leftovers
|upkeep
|turn|2
|
|t:|1711943382
|switch|p1a: Magneton|Magneton|100/100
|move|p2a: Skarmory|Spikes|p1a: Magneton
|-sidestart|p1: SrPx|Spikes
|
|-heal|p2a: Skarmory|88/100|[from] item: Leftovers
|upkeep
|turn|3
|
|t:|1711943389
|move|p2a: Skarmory|Protect|p2a: Skarmory
|-singleturn|p2a: Skarmory|Protect
|move|p1a: Magneton|Thunderbolt|p2a: Skarmory
|-activate|p2a: Skarmory|Protect
|
|-heal|p2a: Skarmory|94/100|[from] item: Leftovers
|upkeep
|turn|4
|
|t:|1711943396
|move|p1a: Magneton|Thunderbolt|p2a: Skarmory
|-supereffective|p2a: Skarmory
|-damage|p2a: Skarmory|6/100
|move|p2a: Skarmory|Torment|p1a: Magneton
|-start|p1a: Magneton|Torment
|
|-heal|p2a: Skarmory|12/100|[from] item: Leftovers
|upkeep
|turn|5
|
|t:|1711943407
|move|p1a: Magneton|Thunder Wave|p2a: Skarmory
|-status|p2a: Skarmory|par
|move|p2a: Skarmory|Spikes|p1a: Magneton
|-sidestart|p1: SrPx|Spikes
|
|-heal|p2a: Skarmory|18/100 par|[from] item: Leftovers
|upkeep
|turn|6
|
|t:|1711943414
|move|p1a: Magneton|Thunderbolt|p2a: Skarmory
|-supereffective|p2a: Skarmory
|-damage|p2a: Skarmory|0 fnt
|faint|p2a: Skarmory
|
|t:|1711943416
|switch|p2a: Dugtrio|Dugtrio, F|100/100
|
|upkeep
|turn|7
|
|t:|1711943422
|move|p1a: Magneton|Endure|p1a: Magneton
|-singleturn|p1a: Magneton|move: Endure
|move|p2a: Dugtrio|Sand Attack|p1a: Magneton
|-unboost|p1a: Magneton|accuracy|1
|
|upkeep
|turn|8
|
|t:|1711943428
|move|p2a: Dugtrio|Substitute|p2a: Dugtrio
|-start|p2a: Dugtrio|Substitute
|-damage|p2a: Dugtrio|76/100
|move|p1a: Magneton|Hidden Power|p2a: Dugtrio
|-supereffective|p2a: Dugtrio
|-end|p2a: Dugtrio|Substitute
|
|upkeep
|turn|9
|
|t:|1711943439
|move|p1a: Magneton|Endure|p1a: Magneton
|-singleturn|p1a: Magneton|move: Endure
|move|p2a: Dugtrio|Sand Attack|p1a: Magneton
|-unboost|p1a: Magneton|accuracy|1
|
|upkeep
|turn|10
|
|t:|1711943444
|move|p2a: Dugtrio|Sand Attack|p1a: Magneton
|-unboost|p1a: Magneton|accuracy|1
|move|p1a: Magneton|Hidden Power|p2a: Dugtrio|[miss]
|-miss|p1a: Magneton|p2a: Dugtrio
|
|upkeep
|turn|11
|
|t:|1711943450
|move|p1a: Magneton|Endure|p1a: Magneton
|-singleturn|p1a: Magneton|move: Endure
|move|p2a: Dugtrio|Sand Attack|p1a: Magneton
|-unboost|p1a: Magneton|accuracy|1
|
|upkeep
|turn|12
|
|t:|1711943455
|move|p2a: Dugtrio|Sand Attack|p1a: Magneton
|-unboost|p1a: Magneton|accuracy|1
|move|p1a: Magneton|Hidden Power|p2a: Dugtrio
|-supereffective|p2a: Dugtrio
|-damage|p2a: Dugtrio|0 fnt
|faint|p2a: Dugtrio
|
|t:|1711943458
|switch|p2a: Gardevoir|Gardevoir, M|100/100
|-ability|p2a: Gardevoir|Magnet Pull|[from] ability: Trace|[of] p1a: Magneton
|
|upkeep
|turn|13
|
|t:|1711943467
|move|p2a: Gardevoir|Substitute|p2a: Gardevoir
|-start|p2a: Gardevoir|Substitute
|-damage|p2a: Gardevoir|76/100
|move|p1a: Magneton|Thunder Wave||[still]
|-fail|p1a: Magneton
|
|-heal|p2a: Gardevoir|82/100|[from] item: Leftovers
|upkeep
|turn|14
|
|t:|1711943474
|move|p2a: Gardevoir|Calm Mind|p2a: Gardevoir
|-boost|p2a: Gardevoir|spa|1
|-boost|p2a: Gardevoir|spd|1
|move|p1a: Magneton|Thunderbolt|p2a: Gardevoir|[miss]
|-miss|p1a: Magneton|p2a: Gardevoir
|
|-heal|p2a: Gardevoir|88/100|[from] item: Leftovers
|upkeep
|turn|15
|
|t:|1711943482
|move|p2a: Gardevoir|Calm Mind|p2a: Gardevoir
|-boost|p2a: Gardevoir|spa|1
|-boost|p2a: Gardevoir|spd|1
|move|p1a: Magneton|Hidden Power|p2a: Gardevoir|[miss]
|-miss|p1a: Magneton|p2a: Gardevoir
|
|-heal|p2a: Gardevoir|94/100|[from] item: Leftovers
|upkeep
|turn|16
|
|t:|1711943489
|move|p2a: Gardevoir|Calm Mind|p2a: Gardevoir
|-boost|p2a: Gardevoir|spa|1
|-boost|p2a: Gardevoir|spd|1
|move|p1a: Magneton|Thunderbolt|p2a: Gardevoir|[miss]
|-miss|p1a: Magneton|p2a: Gardevoir
|
|-heal|p2a: Gardevoir|99/100|[from] item: Leftovers
|upkeep
|turn|17
|
|t:|1711943498
|move|p2a: Gardevoir|Calm Mind|p2a: Gardevoir
|-boost|p2a: Gardevoir|spa|1
|-boost|p2a: Gardevoir|spd|1
|move|p1a: Magneton|Hidden Power|p2a: Gardevoir
|-activate|p2a: Gardevoir|Substitute|[damage]
|
|-heal|p2a: Gardevoir|100/100|[from] item: Leftovers
|upkeep
|turn|18
|
|t:|1711943505
|move|p2a: Gardevoir|Calm Mind|p2a: Gardevoir
|-boost|p2a: Gardevoir|spa|1
|-boost|p2a: Gardevoir|spd|1
|move|p1a: Magneton|Thunderbolt|p2a: Gardevoir
|-activate|p2a: Gardevoir|Substitute|[damage]
|
|upkeep
|turn|19
|
|t:|1711943514
|move|p2a: Gardevoir|Calm Mind|p2a: Gardevoir
|-boost|p2a: Gardevoir|spa|1
|-boost|p2a: Gardevoir|spd|1
|move|p1a: Magneton|Hidden Power|p2a: Gardevoir|[miss]
|-miss|p1a: Magneton|p2a: Gardevoir
|
|upkeep
|turn|20
|
|t:|1711943522
|move|p2a: Gardevoir|Psychic|p1a: Magneton
|-resisted|p1a: Magneton
|-damage|p1a: Magneton|0 fnt
|faint|p1a: Magneton
|
|t:|1711943538
|switch|p1a: Dugtrio|Dugtrio, F|100/100
|-damage|p1a: Dugtrio|84/100|[from] Spikes
|
|upkeep
|turn|21
|
|t:|1711943543
|move|p1a: Dugtrio|Earthquake|p2a: Gardevoir
|-end|p2a: Gardevoir|Substitute
|move|p2a: Gardevoir|Psychic|p1a: Dugtrio
|-damage|p1a: Dugtrio|0 fnt
|faint|p1a: Dugtrio
|
|t:|1711943573
|switch|p1a: Tauros|Tauros, M|100/100
|-damage|p1a: Tauros|84/100|[from] Spikes
|-ability|p1a: Tauros|Intimidate|boost
|-unboost|p2a: Gardevoir|atk|1
|
|upkeep
|turn|22
|
|t:|1711943578
|switch|p2a: Flygon|Flygon, F|100/100
|move|p1a: Tauros|Return|p2a: Flygon
|-damage|p2a: Flygon|50/100
|
|-heal|p2a: Flygon|56/100|[from] item: Leftovers
|upkeep
|turn|23
|
|t:|1711943585
|move|p2a: Flygon|Protect|p2a: Flygon
|-singleturn|p2a: Flygon|Protect
|move|p1a: Tauros|Return|p2a: Flygon
|-activate|p2a: Flygon|Protect
|
|-heal|p2a: Flygon|62/100|[from] item: Leftovers
|upkeep
|turn|24
|
|t:|1711943592
|move|p1a: Tauros|Return|p2a: Flygon
|-damage|p2a: Flygon|11/100
|move|p2a: Flygon|Toxic|p1a: Tauros
|-status|p1a: Tauros|tox
|
|-damage|p1a: Tauros|78/100 tox|[from] psn
|-heal|p2a: Flygon|18/100|[from] item: Leftovers
|upkeep
|turn|25
|
|t:|1711943601
|switch|p1a: Kingdra|Kingdra, F|100/100
|-damage|p1a: Kingdra|84/100|[from] Spikes
|move|p2a: Flygon|Protect||[still]
|-fail|p2a: Flygon
|
|-heal|p2a: Flygon|24/100|[from] item: Leftovers
|-heal|p1a: Kingdra|90/100|[from] item: Leftovers
|upkeep
|turn|26
|
|t:|1711943610
|move|p2a: Flygon|Toxic|p1a: Kingdra
|-status|p1a: Kingdra|tox
|move|p1a: Kingdra|Rain Dance|p1a: Kingdra
|-weather|RainDance
|
|-weather|RainDance|[upkeep]
|-heal|p1a: Kingdra|96/100 tox|[from] item: Leftovers
|-damage|p1a: Kingdra|90/100 tox|[from] psn
|-heal|p2a: Flygon|30/100|[from] item: Leftovers
|upkeep
|turn|27
|
|t:|1711943619
|move|p2a: Flygon|Protect|p2a: Flygon
|-singleturn|p2a: Flygon|Protect
|move|p1a: Kingdra|Surf|p2a: Flygon
|-activate|p2a: Flygon|Protect
|
|-weather|RainDance|[upkeep]
|-heal|p1a: Kingdra|96/100 tox|[from] item: Leftovers
|-damage|p1a: Kingdra|84/100 tox|[from] psn
|-heal|p2a: Flygon|36/100|[from] item: Leftovers
|upkeep
|turn|28
|
|t:|1711943628
|switch|p2a: Blissey|Blissey, F|100/100
|move|p1a: Kingdra|Surf|p2a: Blissey
|-damage|p2a: Blissey|73/100
|
|-weather|RainDance|[upkeep]
|-heal|p1a: Kingdra|90/100 tox|[from] item: Leftovers
|-damage|p1a: Kingdra|71/100 tox|[from] psn
|-heal|p2a: Blissey|79/100|[from] item: Leftovers
|upkeep
|turn|29
|
|t:|1711943638
|switch|p1a: Tauros|Tauros, M|78/100 tox
|-damage|p1a: Tauros|61/100 tox|[from] Spikes
|-ability|p1a: Tauros|Intimidate|boost
|-unboost|p2a: Blissey|atk|1
|move|p2a: Blissey|Calm Mind|p2a: Blissey
|-boost|p2a: Blissey|spa|1
|-boost|p2a: Blissey|spd|1
|
|-weather|RainDance|[upkeep]
|-damage|p1a: Tauros|55/100 tox|[from] psn
|-heal|p2a: Blissey|86/100|[from] item: Leftovers
|upkeep
|turn|30
|
|t:|1711943648
|switch|p2a: Flygon|Flygon, F|36/100
|move|p1a: Tauros|Return|p2a: Flygon
|-damage|p2a: Flygon|0 fnt
|faint|p2a: Flygon
|
|t:|1711943654
|switch|p2a: Gardevoir|Gardevoir, M|100/100
|-ability|p2a: Gardevoir|Intimidate|[from] ability: Trace|[of] p1a: Tauros
|
|-weather|none
|-damage|p1a: Tauros|43/100 tox|[from] psn
|upkeep
|turn|31
|
|t:|1711943667
|move|p1a: Tauros|Return|p2a: Gardevoir
|-damage|p2a: Gardevoir|0 fnt
|faint|p2a: Gardevoir
|
|t:|1711943672
|switch|p2a: Blissey|Blissey, F|86/100
|
|-damage|p1a: Tauros|24/100 tox|[from] psn
|-heal|p2a: Blissey|92/100|[from] item: Leftovers
|upkeep
|turn|32
|
|t:|1711943680
|move|p1a: Tauros|Return|p2a: Blissey
|-damage|p2a: Blissey|26/100
|move|p2a: Blissey|Soft-Boiled|p2a: Blissey
|-heal|p2a: Blissey|75/100
|
|-damage|p1a: Tauros|0 fnt|[from] psn
|faint|p1a: Tauros
|-heal|p2a: Blissey|82/100|[from] item: Leftovers
|upkeep
|
|t:|1711943688
|switch|p1a: Smeargle|Smeargle, M|100/100
|-damage|p1a: Smeargle|84/100|[from] Spikes
|turn|33
|
|t:|1711943695
|move|p1a: Smeargle|Substitute|p1a: Smeargle
|-start|p1a: Smeargle|Substitute
|-damage|p1a: Smeargle|59/100
|move|p2a: Blissey|Ice Beam|p1a: Smeargle
|-end|p1a: Smeargle|Substitute
|
|-heal|p1a: Smeargle|66/100|[from] item: Leftovers
|-heal|p2a: Blissey|88/100|[from] item: Leftovers
|upkeep
|turn|34
|
|t:|1711943703
|move|p1a: Smeargle|Spore|p2a: Blissey
|-status|p2a: Blissey|slp|[from] move: Spore
|cant|p2a: Blissey|slp
|
|-heal|p1a: Smeargle|72/100|[from] item: Leftovers
|-heal|p2a: Blissey|94/100 slp|[from] item: Leftovers
|upkeep
|turn|35
|
|t:|1711943714
|-curestatus|p2a: Blissey|slp|[from] ability: Natural Cure
|switch|p2a: Zapdos|Zapdos|100/100
|move|p1a: Smeargle|Spore|p2a: Zapdos
|-status|p2a: Zapdos|slp|[from] move: Spore
|
|-heal|p1a: Smeargle|78/100|[from] item: Leftovers
|upkeep
|turn|36
|
|t:|1711943725
|move|p1a: Smeargle|Belly Drum|p1a: Smeargle
|-damage|p1a: Smeargle|28/100
|-setboost|p1a: Smeargle|atk|6|[from] move: Belly Drum
|cant|p2a: Zapdos|slp
|
|-heal|p1a: Smeargle|34/100|[from] item: Leftovers
|upkeep
|turn|37
|
|t:|1711943736
|move|p1a: Smeargle|Substitute|p1a: Smeargle
|-start|p1a: Smeargle|Substitute
|-damage|p1a: Smeargle|10/100
|cant|p2a: Zapdos|slp
|
|-heal|p1a: Smeargle|16/100|[from] item: Leftovers
|upkeep
|turn|38
|
|t:|1711943744
|move|p1a: Smeargle|Baton Pass|p1a: Smeargle
|
|t:|1711943745
|switch|p1a: Aerodactyl|Aerodactyl, F|100/100|[from] Baton Pass
|-curestatus|p2a: Zapdos|slp|[msg]
|move|p2a: Zapdos|Roar|p1a: Aerodactyl
|drag|p1a: Smeargle|Smeargle, M|16/100
|-damage|p1a: Smeargle|0 fnt|[from] Spikes
|faint|p1a: Smeargle
|
|t:|1711943768
|switch|p1a: Aerodactyl|Aerodactyl, F|100/100
|
|upkeep
|turn|39
|
|t:|1711943774
|move|p1a: Aerodactyl|Rock Slide|p2a: Zapdos
|-supereffective|p2a: Zapdos
|-damage|p2a: Zapdos|21/100
|move|p2a: Zapdos|Thunderbolt|p1a: Aerodactyl
|-supereffective|p1a: Aerodactyl
|-damage|p1a: Aerodactyl|0 fnt
|faint|p1a: Aerodactyl
|
|t:|1711943782
|switch|p1a: Kingdra|Kingdra, F|71/100 tox
|-damage|p1a: Kingdra|55/100 tox|[from] Spikes
|
|-heal|p2a: Zapdos|28/100|[from] item: Leftovers
|-heal|p1a: Kingdra|61/100 tox|[from] item: Leftovers
|-damage|p1a: Kingdra|55/100 tox|[from] psn
|upkeep
|turn|40
|
|t:|1711943789
|move|p2a: Zapdos|Thunderbolt|p1a: Kingdra
|-damage|p1a: Kingdra|16/100 tox
|move|p1a: Kingdra|Rain Dance|p1a: Kingdra
|-weather|RainDance
|
|-weather|RainDance|[upkeep]
|-heal|p1a: Kingdra|22/100 tox|[from] item: Leftovers
|-damage|p1a: Kingdra|10/100 tox|[from] psn
|-heal|p2a: Zapdos|34/100|[from] item: Leftovers
|upkeep
|turn|41
|
|t:|1711943797
|move|p1a: Kingdra|Surf|p2a: Zapdos
|-damage|p2a: Zapdos|0 fnt
|faint|p2a: Zapdos
|
|t:|1711943799
|switch|p2a: Blissey|Blissey, F|94/100
|
|-weather|RainDance|[upkeep]
|-heal|p1a: Kingdra|16/100 tox|[from] item: Leftovers
|-damage|p1a: Kingdra|0 fnt|[from] psn
|faint|p1a: Kingdra
|
|win|StarKnightAwawawa
|upkeep
|raw|SrPx's rating: 1194 &rarr; <strong>1163</strong><br />(-31 for losing)
|raw|StarKnightAwawawa's rating: 1102 &rarr; <strong>1133</strong><br />(+31 for winning)
|l|☆SrPx
|player|p1|
