{"id":"gen3ou-2093370957","format":"[Gen 3] OU","players":["rolle_2070","jasdfhj"],"log":"|j|\u2606rolle_2070\n|j|\u2606jasdfhj\n|t:|1711946108\n|gametype|singles\n|player|p1|rolle_2070|lucas|1100\n|player|p2|jasdfhj|acetrainer-gen4dp|1047\n|teamsize|p1|6\n|teamsize|p2|6\n|gen|3\n|tier|[Gen 3] OU\n|rated|\n|rule|Sleep Clause Mod: Limit one foe put to sleep\n|rule|Switch Priority Clause Mod: Faster Pok\u00e9mon switch first\n|rule|Species Clause: Limit one of each Pok\u00e9mon\n|rule|OHKO Clause: OHKO moves are banned\n|rule|Evasion Items Clause: Evasion items are banned\n|rule|Evasion Moves Clause: Evasion moves are banned\n|rule|Endless Battle Clause: Forcing endless battles is banned\n|rule|HP Percentage Mod: HP is shown in percentages\n|rule|One Boost Passer Clause: Limit one Baton Passer that has a way to boost its stats\n|rule|Freeze Clause Mod: Limit one foe frozen\n|\n|t:|1711946108\n|start\n|switch|p1a: Gardevoir|Gardevoir, M|100\/100\n|switch|p2a: Ninjask|Ninjask, F|100\/100\n|turn|1\n|inactive|Battle timer is ON: inactive players will automatically lose when time's up. (requested by jasdfhj)\n|\n|t:|1711946122\n|move|p2a: Ninjask|Substitute|p2a: Ninjask\n|-start|p2a: Ninjask|Substitute\n|-damage|p2a: Ninjask|76\/100\n|move|p1a: Gardevoir|Psychic|p2a: Ninjask\n|-end|p2a: Ninjask|Substitute\n|\n|-ability|p2a: Ninjask|Speed Boost|boost\n|-boost|p2a: Ninjask|spe|1\n|-heal|p2a: Ninjask|82\/100|[from] item: Leftovers\n|upkeep\n|turn|2\n|\n|t:|1711946130\n|move|p2a: Ninjask|Protect|p2a: Ninjask\n|-singleturn|p2a: Ninjask|Protect\n|move|p1a: Gardevoir|Will-O-Wisp|p2a: Ninjask|[miss]\n|-miss|p1a: Gardevoir|p2a: Ninjask\n|\n|-ability|p2a: Ninjask|Speed Boost|boost\n|-boost|p2a: Ninjask|spe|1\n|-heal|p2a: Ninjask|88\/100|[from] item: Leftovers\n|upkeep\n|turn|3\n|\n|t:|1711946139\n|switch|p1a: Metagross|Metagross|100\/100\n|move|p2a: Ninjask|Substitute|p2a: Ninjask\n|-start|p2a: Ninjask|Substitute\n|-damage|p2a: Ninjask|63\/100\n|\n|-ability|p2a: Ninjask|Speed Boost|boost\n|-boost|p2a: Ninjask|spe|1\n|-heal|p2a: Ninjask|69\/100|[from] item: Leftovers\n|upkeep\n|turn|4\n|\n|t:|1711946147\n|move|p2a: Ninjask|Protect|p2a: Ninjask\n|-singleturn|p2a: Ninjask|Protect\n|move|p1a: Metagross|Earthquake|p2a: Ninjask\n|-activate|p2a: Ninjask|Protect\n|\n|-ability|p2a: Ninjask|Speed Boost|boost\n|-boost|p2a: Ninjask|spe|1\n|-heal|p2a: Ninjask|75\/100|[from] item: Leftovers\n|upkeep\n|turn|5\n|\n|t:|1711946156\n|move|p2a: Ninjask|Baton Pass|p2a: Ninjask\n|\n|t:|1711946158\n|switch|p2a: Vaporeon|Vaporeon, F|100\/100|[from] Baton Pass\n|move|p1a: Metagross|Agility|p1a: Metagross\n|-boost|p1a: Metagross|spe|2\n|\n|upkeep\n|turn|6\n|\n|t:|1711946167\n|move|p2a: Vaporeon|Surf|p1a: Metagross\n|-damage|p1a: Metagross|63\/100\n|move|p1a: Metagross|Meteor Mash|p2a: Vaporeon|[miss]\n|-miss|p1a: Metagross|p2a: Vaporeon\n|\n|-heal|p1a: Metagross|69\/100|[from] item: Leftovers\n|upkeep\n|turn|7\n|\n|t:|1711946174\n|move|p2a: Vaporeon|Surf|p1a: Metagross\n|-damage|p1a: Metagross|32\/100\n|move|p1a: Metagross|Meteor Mash|p2a: Vaporeon|[miss]\n|-miss|p1a: Metagross|p2a: Vaporeon\n|\n|-heal|p1a: Metagross|38\/100|[from] item: Leftovers\n|upkeep\n|turn|8\n|\n|t:|1711946186\n|move|p2a: Vaporeon|Surf|p1a: Metagross\n|-damage|p1a: Metagross|0 fnt\n|faint|p1a: Metagross\n|\n|t:|1711946190\n|switch|p1a: Swampert|Swampert, M|100\/100\n|\n|upkeep\n|turn|9\n|\n|t:|1711946195\n|move|p2a: Vaporeon|Baton Pass|p2a: Vaporeon\n|\n|t:|1711946197\n|switch|p2a: Ninjask|Ninjask, F|75\/100|[from] Baton Pass\n|move|p1a: Swampert|Earthquake|p2a: Ninjask\n|-immune|p2a: Ninjask\n|\n|-heal|p2a: Ninjask|81\/100|[from] item: Leftovers\n|upkeep\n|turn|10\n|\n|t:|1711946204\n|move|p2a: Ninjask|Baton Pass|p2a: Ninjask\n|\n|t:|1711946206\n|switch|p2a: Hariyama|Hariyama, F|100\/100|[from] Baton Pass\n|move|p1a: Swampert|Ice Beam|p2a: Hariyama\n|-activate|p2a: Hariyama|Substitute|[damage]\n|\n|upkeep\n|turn|11\n|\n|t:|1711946213\n|move|p2a: Hariyama|Belly Drum|p2a: Hariyama\n|-damage|p2a: Hariyama|51\/100\n|-setboost|p2a: Hariyama|atk|6|[from] move: Belly Drum\n|move|p1a: Swampert|Surf|p2a: Hariyama\n|-end|p2a: Hariyama|Substitute\n|\n|-heal|p2a: Hariyama|57\/100|[from] item: Leftovers\n|upkeep\n|turn|12\n|\n|t:|1711946223\n|switch|p1a: Sceptile|Sceptile, F|100\/100\n|move|p2a: Hariyama|Brick Break|p1a: Sceptile\n|-damage|p1a: Sceptile|0 fnt\n|faint|p1a: Sceptile\n|\n|t:|1711946230\n|switch|p1a: Gardevoir|Gardevoir, M|100\/100\n|\n|-heal|p2a: Hariyama|63\/100|[from] item: Leftovers\n|upkeep\n|turn|13\n|\n|t:|1711946235\n|move|p2a: Hariyama|Hidden Power|p1a: Gardevoir\n|-supereffective|p1a: Gardevoir\n|-damage|p1a: Gardevoir|0 fnt\n|faint|p1a: Gardevoir\n|\n|t:|1711946239\n|switch|p1a: Swampert|Swampert, M|100\/100\n|\n|-heal|p2a: Hariyama|69\/100|[from] item: Leftovers\n|upkeep\n|turn|14\n|\n|t:|1711946245\n|move|p2a: Hariyama|Brick Break|p1a: Swampert\n|-damage|p1a: Swampert|0 fnt\n|faint|p1a: Swampert\n|\n|t:|1711946250\n|switch|p1a: Salamence|Salamence, M|100\/100\n|-ability|p1a: Salamence|Intimidate|boost\n|-unboost|p2a: Hariyama|atk|1\n|\n|-heal|p2a: Hariyama|75\/100|[from] item: Leftovers\n|upkeep\n|turn|15\n|\n|t:|1711946257\n|move|p2a: Hariyama|Return|p1a: Salamence\n|-damage|p1a: Salamence|0 fnt\n|faint|p1a: Salamence\n|\n|t:|1711946261\n|switch|p1a: Blaziken|Blaziken, F|100\/100\n|\n|-heal|p2a: Hariyama|81\/100|[from] item: Leftovers\n|upkeep\n|turn|16\n|\n|t:|1711946267\n|move|p2a: Hariyama|Brick Break|p1a: Blaziken\n|-damage|p1a: Blaziken|0 fnt\n|faint|p1a: Blaziken\n|\n|win|jasdfhj\n|raw|rolle_2070's rating: 1100 &rarr; <strong>1071<\/strong><br \/>(-29 for losing)\n|raw|jasdfhj's rating: 1047 &rarr; <strong>1085<\/strong><br \/>(+38 for winning)\n","uploadtime":1711946269,"views":0,"formatid":"gen3ou","rating":1071,"private":0,"password":null}