{"id":"gen3ou-2093369044","format":"[Gen 3] OU","players":["Bhol","ADV Warrior Poet"],"log":"|j|\u2606Bhol\n|j|\u2606ADV Warrior Poet\n|t:|1711945782\n|gametype|singles\n|player|p1|Bhol|sabrina|1584\n|player|p2|ADV Warrior Poet|musician|1523\n|teamsize|p1|6\n|teamsize|p2|6\n|gen|3\n|tier|[Gen 3] OU\n|rated|\n|rule|Sleep Clause Mod: Limit one foe put to sleep\n|rule|Switch Priority Clause Mod: Faster Pok\u00e9mon switch first\n|rule|Species Clause: Limit one of each Pok\u00e9mon\n|rule|OHKO Clause: OHKO moves are banned\n|rule|Evasion Items Clause: Evasion items are banned\n|rule|Evasion Moves Clause: Evasion moves are banned\n|rule|Endless Battle Clause: Forcing endless battles is banned\n|rule|HP Percentage Mod: HP is shown in percentages\n|rule|One Boost Passer Clause: Limit one Baton Passer that has a way to boost its stats\n|rule|Freeze Clause Mod: Limit one foe frozen\n|\n|t:|1711945782\n|start\n|switch|p1a: Metagross|Metagross, shiny|100\/100\n|switch|p2a: Hamburger Helper|Skarmory, F|100\/100\n|turn|1\n|\n|t:|1711945791\n|switch|p2a: The Noid|Banette, F|100\/100\n|switch|p1a: Forretress|Forretress, F|100\/100\n|\n|upkeep\n|turn|2\n|\n|t:|1711945796\n|move|p2a: The Noid|Will-O-Wisp|p1a: Forretress\n|-status|p1a: Forretress|brn\n|move|p1a: Forretress|Spikes|p2a: The Noid\n|-sidestart|p2: ADV Warrior Poet|Spikes\n|\n|-damage|p1a: Forretress|88\/100 brn|[from] brn\n|upkeep\n|turn|3\n|\n|t:|1711945800\n|switch|p2a: Grimace|Donphan, M, shiny|100\/100\n|-damage|p2a: Grimace|88\/100|[from] Spikes\n|move|p1a: Forretress|Spikes|p2a: Grimace\n|-sidestart|p2: ADV Warrior Poet|Spikes\n|\n|-heal|p2a: Grimace|94\/100|[from] item: Leftovers\n|-heal|p1a: Forretress|94\/100 brn|[from] item: Leftovers\n|-damage|p1a: Forretress|82\/100 brn|[from] brn\n|upkeep\n|turn|4\n|\n|t:|1711945808\n|move|p2a: Grimace|Rapid Spin|p1a: Forretress\n|-resisted|p1a: Forretress\n|-damage|p1a: Forretress|79\/100 brn\n|-sideend|p2: ADV Warrior Poet|Spikes|[from] move: Rapid Spin|[of] p2a: Grimace\n|move|p1a: Forretress|Toxic|p2a: Grimace\n|-status|p2a: Grimace|tox\n|\n|-heal|p2a: Grimace|100\/100 tox|[from] item: Leftovers\n|-damage|p2a: Grimace|94\/100 tox|[from] psn\n|-heal|p1a: Forretress|86\/100 brn|[from] item: Leftovers\n|-damage|p1a: Forretress|73\/100 brn|[from] brn\n|upkeep\n|turn|5\n|\n|t:|1711945821\n|switch|p1a: Articuno|Articuno|100\/100\n|move|p2a: Grimace|Earthquake|p1a: Articuno\n|-immune|p1a: Articuno\n|\n|-heal|p2a: Grimace|100\/100 tox|[from] item: Leftovers\n|-damage|p2a: Grimace|88\/100 tox|[from] psn\n|upkeep\n|turn|6\n|\n|t:|1711945837\n|switch|p1a: Swampert|Swampert, F|100\/100\n|switch|p2a: Hamburger|Tyranitar, M|100\/100\n|-weather|Sandstorm|[from] ability: Sand Stream|[of] p2a: Hamburger\n|\n|-weather|Sandstorm|[upkeep]\n|upkeep\n|turn|7\n|\n|t:|1711945846\n|switch|p2a: The Roughage|Celebi|100\/100\n|move|p1a: Swampert|Hydro Pump|p2a: The Roughage\n|-resisted|p2a: The Roughage\n|-damage|p2a: The Roughage|85\/100\n|\n|-weather|Sandstorm|[upkeep]\n|-damage|p2a: The Roughage|79\/100|[from] Sandstorm\n|-heal|p2a: The Roughage|85\/100|[from] item: Leftovers\n|upkeep\n|turn|8\n|\n|t:|1711945855\n|switch|p1a: Articuno|Articuno|100\/100\n|move|p2a: The Roughage|Swords Dance|p2a: The Roughage\n|-boost|p2a: The Roughage|atk|2\n|\n|-weather|Sandstorm|[upkeep]\n|-damage|p2a: The Roughage|79\/100|[from] Sandstorm\n|-damage|p1a: Articuno|94\/100|[from] Sandstorm\n|-heal|p2a: The Roughage|85\/100|[from] item: Leftovers\n|-heal|p1a: Articuno|100\/100|[from] item: Leftovers\n|upkeep\n|turn|9\n|\n|t:|1711945863\n|move|p2a: The Roughage|Baton Pass|p2a: The Roughage\n|\n|t:|1711945865\n|switch|p2a: Hamburger|Tyranitar, M|100\/100|[from] Baton Pass\n|move|p1a: Articuno|Roar|p2a: Hamburger\n|drag|p2a: Grimace|Donphan, M, shiny|88\/100 tox\n|\n|-weather|Sandstorm|[upkeep]\n|-damage|p1a: Articuno|94\/100|[from] Sandstorm\n|-heal|p1a: Articuno|100\/100|[from] item: Leftovers\n|-heal|p2a: Grimace|94\/100 tox|[from] item: Leftovers\n|-damage|p2a: Grimace|88\/100 tox|[from] psn\n|upkeep\n|turn|10\n|\n|t:|1711945874\n|switch|p1a: Forretress|Forretress, F|73\/100 brn\n|move|p2a: Grimace|Rock Slide|p1a: Forretress\n|-damage|p1a: Forretress|55\/100 brn\n|\n|-weather|Sandstorm|[upkeep]\n|-heal|p2a: Grimace|94\/100 tox|[from] item: Leftovers\n|-damage|p2a: Grimace|82\/100 tox|[from] psn\n|-heal|p1a: Forretress|62\/100 brn|[from] item: Leftovers\n|-damage|p1a: Forretress|49\/100 brn|[from] brn\n|upkeep\n|turn|11\n|\n|t:|1711945881\n|move|p2a: Grimace|Earthquake|p1a: Forretress\n|-damage|p1a: Forretress|10\/100 brn\n|move|p1a: Forretress|Spikes|p2a: Grimace\n|-sidestart|p2: ADV Warrior Poet|Spikes\n|\n|-weather|Sandstorm|[upkeep]\n|-heal|p2a: Grimace|88\/100 tox|[from] item: Leftovers\n|-damage|p2a: Grimace|70\/100 tox|[from] psn\n|-heal|p1a: Forretress|17\/100 brn|[from] item: Leftovers\n|-damage|p1a: Forretress|4\/100 brn|[from] brn\n|upkeep\n|turn|12\n|\n|t:|1711945890\n|move|p2a: Grimace|Rapid Spin|p1a: Forretress\n|-resisted|p1a: Forretress\n|-damage|p1a: Forretress|2\/100 brn\n|-sideend|p2: ADV Warrior Poet|Spikes|[from] move: Rapid Spin|[of] p2a: Grimace\n|move|p1a: Forretress|Spikes|p2a: Grimace\n|-sidestart|p2: ADV Warrior Poet|Spikes\n|\n|-weather|Sandstorm|[upkeep]\n|-heal|p2a: Grimace|76\/100 tox|[from] item: Leftovers\n|-damage|p2a: Grimace|51\/100 tox|[from] psn\n|-heal|p1a: Forretress|8\/100 brn|[from] item: Leftovers\n|-damage|p1a: Forretress|0 fnt|[from] brn\n|faint|p1a: Forretress\n|upkeep\n|\n|t:|1711945902\n|switch|p1a: Zapdos|Zapdos|100\/100\n|turn|13\n|\n|t:|1711945909\n|move|p1a: Zapdos|Hidden Power|p2a: Grimace\n|-supereffective|p2a: Grimace\n|-damage|p2a: Grimace|0 fnt\n|faint|p2a: Grimace\n|\n|t:|1711945914\n|switch|p2a: Hamburger|Tyranitar, M|100\/100\n|-damage|p2a: Hamburger|88\/100|[from] Spikes\n|\n|-weather|Sandstorm|[upkeep]\n|-damage|p1a: Zapdos|94\/100|[from] Sandstorm\n|-heal|p1a: Zapdos|100\/100|[from] item: Leftovers\n|upkeep\n|turn|14\n|\n|t:|1711945920\n|switch|p1a: Swampert|Swampert, F|100\/100\n|move|p2a: Hamburger|Dragon Dance|p2a: Hamburger\n|-boost|p2a: Hamburger|atk|1\n|-boost|p2a: Hamburger|spe|1\n|\n|-weather|Sandstorm|[upkeep]\n|upkeep\n|turn|15\n|\n|t:|1711945928\n|move|p2a: Hamburger|Earthquake|p1a: Swampert\n|-damage|p1a: Swampert|52\/100\n|move|p1a: Swampert|Hydro Pump|p2a: Hamburger\n|-supereffective|p2a: Hamburger\n|-damage|p2a: Hamburger|10\/100\n|\n|-weather|Sandstorm|[upkeep]\n|-heal|p1a: Swampert|58\/100|[from] item: Leftovers\n|upkeep\n|turn|16\n|\n|t:|1711945936\n|move|p2a: Hamburger|Hyper Beam|p1a: Swampert\n|-damage|p1a: Swampert|0 fnt\n|-mustrecharge|p2a: Hamburger\n|faint|p1a: Swampert\n|\n|t:|1711945955\n|switch|p1a: Zapdos|Zapdos|100\/100\n|\n|-weather|Sandstorm|[upkeep]\n|-damage|p1a: Zapdos|94\/100|[from] Sandstorm\n|-heal|p1a: Zapdos|100\/100|[from] item: Leftovers\n|upkeep\n|turn|17\n|\n|t:|1711945960\n|cant|p2a: Hamburger|recharge\n|move|p1a: Zapdos|Thunderbolt|p2a: Hamburger\n|-damage|p2a: Hamburger|0 fnt\n|faint|p2a: Hamburger\n|\n|t:|1711945963\n|switch|p2a: Beans 'n Rice|Aerodactyl, M|100\/100\n|\n|-weather|Sandstorm|[upkeep]\n|-damage|p1a: Zapdos|94\/100|[from] Sandstorm\n|-heal|p1a: Zapdos|100\/100|[from] item: Leftovers\n|upkeep\n|turn|18\n|\n|t:|1711945970\n|switch|p1a: Metagross|Metagross, shiny|100\/100\n|move|p2a: Beans 'n Rice|Earthquake|p1a: Metagross\n|-supereffective|p1a: Metagross\n|-damage|p1a: Metagross|31\/100\n|\n|-weather|Sandstorm|[upkeep]\n|upkeep\n|turn|19\n|\n|t:|1711945979\n|switch|p1a: Articuno|Articuno|100\/100\n|move|p2a: Beans 'n Rice|Earthquake|p1a: Articuno\n|-immune|p1a: Articuno\n|\n|-weather|Sandstorm|[upkeep]\n|-damage|p1a: Articuno|94\/100|[from] Sandstorm\n|-heal|p1a: Articuno|100\/100|[from] item: Leftovers\n|upkeep\n|turn|20\n|\n|t:|1711945990\n|switch|p2a: Hamburger Helper|Skarmory, F|100\/100\n|move|p1a: Articuno|Ice Beam|p2a: Hamburger Helper\n|-damage|p2a: Hamburger Helper|66\/100\n|\n|-weather|Sandstorm|[upkeep]\n|-damage|p1a: Articuno|94\/100|[from] Sandstorm\n|-heal|p1a: Articuno|100\/100|[from] item: Leftovers\n|-heal|p2a: Hamburger Helper|72\/100|[from] item: Leftovers\n|upkeep\n|turn|21\n|\n|t:|1711946006\n|switch|p1a: Zapdos|Zapdos|100\/100\n|move|p2a: Hamburger Helper|Spikes|p1a: Zapdos\n|-sidestart|p1: Bhol|Spikes\n|\n|-weather|Sandstorm|[upkeep]\n|-damage|p1a: Zapdos|94\/100|[from] Sandstorm\n|-heal|p1a: Zapdos|100\/100|[from] item: Leftovers\n|-heal|p2a: Hamburger Helper|78\/100|[from] item: Leftovers\n|upkeep\n|turn|22\n|\n|t:|1711946013\n|switch|p2a: The Roughage|Celebi|85\/100\n|-damage|p2a: The Roughage|72\/100|[from] Spikes\n|move|p1a: Zapdos|Thunderbolt|p2a: The Roughage\n|-resisted|p2a: The Roughage\n|-damage|p2a: The Roughage|52\/100\n|\n|-weather|Sandstorm|[upkeep]\n|-damage|p1a: Zapdos|94\/100|[from] Sandstorm\n|-damage|p2a: The Roughage|46\/100|[from] Sandstorm\n|-heal|p1a: Zapdos|100\/100|[from] item: Leftovers\n|-heal|p2a: The Roughage|52\/100|[from] item: Leftovers\n|upkeep\n|turn|23\n|\n|t:|1711946020\n|move|p1a: Zapdos|Drill Peck|p2a: The Roughage\n|-supereffective|p2a: The Roughage\n|-damage|p2a: The Roughage|18\/100\n|move|p2a: The Roughage|Leech Seed|p1a: Zapdos\n|-start|p1a: Zapdos|move: Leech Seed\n|\n|-weather|Sandstorm|[upkeep]\n|-damage|p1a: Zapdos|94\/100|[from] Sandstorm\n|-damage|p2a: The Roughage|12\/100|[from] Sandstorm\n|-heal|p1a: Zapdos|100\/100|[from] item: Leftovers\n|-damage|p1a: Zapdos|88\/100|[from] Leech Seed|[of] p2a: The Roughage\n|-heal|p2a: The Roughage|22\/100|[silent]\n|-heal|p2a: The Roughage|28\/100|[from] item: Leftovers\n|upkeep\n|turn|24\n|\n|t:|1711946028\n|switch|p1a: Metagross|Metagross, shiny|31\/100\n|-damage|p1a: Metagross|19\/100|[from] Spikes\n|switch|p2a: Beans 'n Rice|Aerodactyl, M|100\/100\n|\n|-weather|Sandstorm|[upkeep]\n|upkeep\n|turn|25\n|\n|t:|1711946044\n|move|p2a: Beans 'n Rice|Rock Slide|p1a: Metagross\n|-resisted|p1a: Metagross\n|-damage|p1a: Metagross|0 fnt\n|faint|p1a: Metagross\n|\n|t:|1711946049\n|switch|p1a: Snorlax|Snorlax, M|100\/100\n|-damage|p1a: Snorlax|88\/100|[from] Spikes\n|\n|-weather|Sandstorm|[upkeep]\n|-damage|p1a: Snorlax|82\/100|[from] Sandstorm\n|-heal|p1a: Snorlax|88\/100|[from] item: Leftovers\n|upkeep\n|turn|26\n|\n|t:|1711946056\n|switch|p2a: The Noid|Banette, F|100\/100\n|-damage|p2a: The Noid|88\/100|[from] Spikes\n|move|p1a: Snorlax|Yawn|p2a: The Noid\n|-immune|p2a: The Noid|[from] ability: Insomnia\n|\n|-weather|Sandstorm|[upkeep]\n|-damage|p2a: The Noid|82\/100|[from] Sandstorm\n|-damage|p1a: Snorlax|82\/100|[from] Sandstorm\n|-heal|p2a: The Noid|88\/100|[from] item: Leftovers\n|-heal|p1a: Snorlax|88\/100|[from] item: Leftovers\n|upkeep\n|turn|27\n|\n|t:|1711946065\n|switch|p1a: Articuno|Articuno|100\/100\n|move|p2a: The Noid|Will-O-Wisp|p1a: Articuno|[miss]\n|-miss|p2a: The Noid|p1a: Articuno\n|\n|-weather|Sandstorm|[upkeep]\n|-damage|p1a: Articuno|94\/100|[from] Sandstorm\n|-damage|p2a: The Noid|82\/100|[from] Sandstorm\n|-heal|p1a: Articuno|100\/100|[from] item: Leftovers\n|-heal|p2a: The Noid|88\/100|[from] item: Leftovers\n|upkeep\n|turn|28\n|\n|t:|1711946071\n|move|p1a: Articuno|Ice Beam|p2a: The Noid\n|-damage|p2a: The Noid|47\/100\n|move|p2a: The Noid|Knock Off|p1a: Articuno\n|-damage|p1a: Articuno|98\/100\n|-enditem|p1a: Articuno|Leftovers|[from] move: Knock Off|[of] p2a: The Noid\n|-hint|In Gens 3-4, Knock Off only makes the target's item unusable; it cannot obtain a new item.\n|\n|-weather|Sandstorm|[upkeep]\n|-damage|p1a: Articuno|92\/100|[from] Sandstorm\n|-damage|p2a: The Noid|41\/100|[from] Sandstorm\n|-heal|p2a: The Noid|47\/100|[from] item: Leftovers\n|upkeep\n|turn|29\n|\n|t:|1711946083\n|switch|p2a: The Roughage|Celebi|28\/100\n|-damage|p2a: The Roughage|15\/100|[from] Spikes\n|move|p1a: Articuno|Ice Beam|p2a: The Roughage\n|-supereffective|p2a: The Roughage\n|-damage|p2a: The Roughage|0 fnt\n|faint|p2a: The Roughage\n|\n|t:|1711946085\n|switch|p2a: Beans 'n Rice|Aerodactyl, M|100\/100\n|\n|-weather|Sandstorm|[upkeep]\n|-damage|p1a: Articuno|86\/100|[from] Sandstorm\n|upkeep\n|turn|30\n|\n|t:|1711946091\n|move|p2a: Beans 'n Rice|Rock Slide|p1a: Articuno\n|-supereffective|p1a: Articuno\n|-damage|p1a: Articuno|0 fnt\n|faint|p1a: Articuno\n|\n|t:|1711946093\n|switch|p1a: Snorlax|Snorlax, M|88\/100\n|-damage|p1a: Snorlax|76\/100|[from] Spikes\n|\n|-weather|Sandstorm|[upkeep]\n|-damage|p1a: Snorlax|70\/100|[from] Sandstorm\n|-heal|p1a: Snorlax|76\/100|[from] item: Leftovers\n|upkeep\n|turn|31\n|\n|t:|1711946097\n|switch|p2a: The Noid|Banette, F|47\/100\n|-damage|p2a: The Noid|35\/100|[from] Spikes\n|move|p1a: Snorlax|Yawn|p2a: The Noid\n|-immune|p2a: The Noid|[from] ability: Insomnia\n|\n|-weather|Sandstorm|[upkeep]\n|-damage|p2a: The Noid|29\/100|[from] Sandstorm\n|-damage|p1a: Snorlax|70\/100|[from] Sandstorm\n|-heal|p2a: The Noid|35\/100|[from] item: Leftovers\n|-heal|p1a: Snorlax|76\/100|[from] item: Leftovers\n|upkeep\n|turn|32\n|\n|t:|1711946103\n|switch|p1a: Zapdos|Zapdos|88\/100\n|move|p2a: The Noid|Will-O-Wisp|p1a: Zapdos\n|-status|p1a: Zapdos|brn\n|\n|-weather|Sandstorm|[upkeep]\n|-damage|p1a: Zapdos|82\/100 brn|[from] Sandstorm\n|-damage|p2a: The Noid|29\/100|[from] Sandstorm\n|-heal|p1a: Zapdos|88\/100 brn|[from] item: Leftovers\n|-damage|p1a: Zapdos|76\/100 brn|[from] brn\n|-heal|p2a: The Noid|35\/100|[from] item: Leftovers\n|upkeep\n|turn|33\n|\n|t:|1711946108\n|switch|p2a: Hamburger Helper|Skarmory, F|78\/100\n|move|p1a: Zapdos|Thunderbolt|p2a: Hamburger Helper\n|-supereffective|p2a: Hamburger Helper\n|-damage|p2a: Hamburger Helper|0 fnt\n|faint|p2a: Hamburger Helper\n|\n|t:|1711946112\n|switch|p2a: Beans 'n Rice|Aerodactyl, M|100\/100\n|\n|-weather|Sandstorm|[upkeep]\n|-damage|p1a: Zapdos|69\/100 brn|[from] Sandstorm\n|-heal|p1a: Zapdos|76\/100 brn|[from] item: Leftovers\n|-damage|p1a: Zapdos|63\/100 brn|[from] brn\n|upkeep\n|turn|34\n|\n|t:|1711946117\n|move|p2a: Beans 'n Rice|Rock Slide|p1a: Zapdos\n|-supereffective|p1a: Zapdos\n|-damage|p1a: Zapdos|0 fnt\n|faint|p1a: Zapdos\n|\n|t:|1711946120\n|switch|p1a: Snorlax|Snorlax, M|76\/100\n|-damage|p1a: Snorlax|63\/100|[from] Spikes\n|\n|-weather|Sandstorm|[upkeep]\n|-damage|p1a: Snorlax|57\/100|[from] Sandstorm\n|-heal|p1a: Snorlax|63\/100|[from] item: Leftovers\n|upkeep\n|turn|35\n|\n|t:|1711946124\n|switch|p2a: The Noid|Banette, F|35\/100\n|-damage|p2a: The Noid|23\/100|[from] Spikes\n|move|p1a: Snorlax|Shadow Ball|p2a: The Noid\n|-supereffective|p2a: The Noid\n|-damage|p2a: The Noid|0 fnt\n|faint|p2a: The Noid\n|\n|t:|1711946127\n|switch|p2a: Beans 'n Rice|Aerodactyl, M|100\/100\n|\n|-weather|Sandstorm|[upkeep]\n|-damage|p1a: Snorlax|57\/100|[from] Sandstorm\n|-heal|p1a: Snorlax|63\/100|[from] item: Leftovers\n|upkeep\n|turn|36\n|\n|t:|1711946140\n|move|p2a: Beans 'n Rice|Rock Slide|p1a: Snorlax\n|-damage|p1a: Snorlax|21\/100\n|move|p1a: Snorlax|Shadow Ball|p2a: Beans 'n Rice\n|-damage|p2a: Beans 'n Rice|62\/100\n|\n|-weather|Sandstorm|[upkeep]\n|-damage|p1a: Snorlax|15\/100|[from] Sandstorm\n|-heal|p1a: Snorlax|21\/100|[from] item: Leftovers\n|upkeep\n|turn|37\n|\n|t:|1711946147\n|move|p2a: Beans 'n Rice|Rock Slide|p1a: Snorlax|[miss]\n|-miss|p2a: Beans 'n Rice|p1a: Snorlax\n|move|p1a: Snorlax|Shadow Ball|p2a: Beans 'n Rice\n|-damage|p2a: Beans 'n Rice|18\/100\n|-unboost|p2a: Beans 'n Rice|spd|1\n|\n|-weather|Sandstorm|[upkeep]\n|-damage|p1a: Snorlax|15\/100|[from] Sandstorm\n|-heal|p1a: Snorlax|21\/100|[from] item: Leftovers\n|upkeep\n|turn|38\n|\n|t:|1711946154\n|move|p2a: Beans 'n Rice|Rock Slide|p1a: Snorlax\n|-crit|p1a: Snorlax\n|-damage|p1a: Snorlax|0 fnt\n|faint|p1a: Snorlax\n|\n|win|ADV Warrior Poet\n|raw|Bhol's rating: 1584 &rarr; <strong>1561<\/strong><br \/>(-23 for losing)\n|raw|ADV Warrior Poet's rating: 1523 &rarr; <strong>1546<\/strong><br \/>(+23 for winning)\n|c|\u2606ADV Warrior Poet|GG!\n|c|\u2606Bhol|gg\n","uploadtime":1711946163,"views":3,"formatid":"gen3ou","rating":1546,"private":0,"password":null}