{"id":"gen3ou-2093365485","format":"[Gen 3] OU","players":["ADV Warrior Poet","snorlaxplayer82"],"log":"|j|\u2606ADV Warrior Poet\n|j|\u2606snorlaxplayer82\n|t:|1711945201\n|gametype|singles\n|player|p1|ADV Warrior Poet|musician|1506\n|player|p2|snorlaxplayer82|clair|1453\n|teamsize|p1|6\n|teamsize|p2|6\n|gen|3\n|tier|[Gen 3] OU\n|rated|\n|rule|Sleep Clause Mod: Limit one foe put to sleep\n|rule|Switch Priority Clause Mod: Faster Pok\u00e9mon switch first\n|rule|Species Clause: Limit one of each Pok\u00e9mon\n|rule|OHKO Clause: OHKO moves are banned\n|rule|Evasion Items Clause: Evasion items are banned\n|rule|Evasion Moves Clause: Evasion moves are banned\n|rule|Endless Battle Clause: Forcing endless battles is banned\n|rule|HP Percentage Mod: HP is shown in percentages\n|rule|One Boost Passer Clause: Limit one Baton Passer that has a way to boost its stats\n|rule|Freeze Clause Mod: Limit one foe frozen\n|\n|t:|1711945201\n|start\n|switch|p1a: Hamburger Helper|Skarmory, F|100\/100\n|switch|p2a: Salamence|Salamence, F|100\/100\n|-ability|p2a: Salamence|Intimidate|boost\n|-unboost|p1a: Hamburger Helper|atk|1\n|turn|1\n|\n|t:|1711945208\n|switch|p2a: Forretress|Forretress, M|100\/100\n|switch|p1a: Beans 'n Rice|Aerodactyl, M|100\/100\n|\n|upkeep\n|turn|2\n|\n|t:|1711945213\n|switch|p1a: The Noid|Banette, M|100\/100\n|move|p2a: Forretress|Spikes|p1a: The Noid\n|-sidestart|p1: ADV Warrior Poet|Spikes\n|\n|upkeep\n|turn|3\n|\n|t:|1711945218\n|switch|p2a: Houndoom|Houndoom, F|100\/100\n|move|p1a: The Noid|Will-O-Wisp|p2a: Houndoom\n|-immune|p2a: Houndoom\n|\n|upkeep\n|turn|4\n|\n|t:|1711945227\n|-activate|p1a: The Noid|move: Pursuit\n|move|p2a: Houndoom|Pursuit|p1a: The Noid|[from]Pursuit\n|-supereffective|p1a: The Noid\n|-damage|p1a: The Noid|3\/100\n|switch|p1a: Beans 'n Rice|Aerodactyl, M|100\/100\n|\n|upkeep\n|turn|5\n|\n|t:|1711945245\n|switch|p1a: Hamburger Helper|Skarmory, F|100\/100\n|switch|p2a: Salamence|Salamence, F|100\/100\n|-ability|p2a: Salamence|Intimidate|boost\n|-unboost|p1a: Hamburger Helper|atk|1\n|\n|upkeep\n|turn|6\n|\n|t:|1711945253\n|switch|p2a: Forretress|Forretress, M|100\/100\n|move|p1a: Hamburger Helper|Spikes|p2a: Forretress\n|-sidestart|p2: snorlaxplayer82|Spikes\n|\n|upkeep\n|turn|7\n|\n|t:|1711945256\n|move|p1a: Hamburger Helper|Taunt|p2a: Forretress\n|-start|p2a: Forretress|move: Taunt\n|move|p2a: Forretress|Hidden Power|p1a: Hamburger Helper\n|-supereffective|p1a: Hamburger Helper\n|-damage|p1a: Hamburger Helper|72\/100\n|\n|-heal|p1a: Hamburger Helper|78\/100|[from] item: Leftovers\n|upkeep\n|turn|8\n|\n|t:|1711945262\n|switch|p1a: Grimace|Donphan, M, shiny|100\/100\n|-damage|p1a: Grimace|88\/100|[from] Spikes\n|move|p2a: Forretress|Hidden Power|p1a: Grimace\n|-damage|p1a: Grimace|65\/100\n|\n|-heal|p1a: Grimace|71\/100|[from] item: Leftovers\n|-end|p2a: Forretress|move: Taunt|[silent]\n|upkeep\n|turn|9\n|\n|t:|1711945267\n|move|p1a: Grimace|Rapid Spin|p2a: Forretress\n|-resisted|p2a: Forretress\n|-damage|p2a: Forretress|98\/100\n|-sideend|p1: ADV Warrior Poet|Spikes|[from] move: Rapid Spin|[of] p1a: Grimace\n|move|p2a: Forretress|Rapid Spin|p1a: Grimace\n|-damage|p1a: Grimace|68\/100\n|-sideend|p2: snorlaxplayer82|Spikes|[from] move: Rapid Spin|[of] p2a: Forretress\n|\n|-heal|p1a: Grimace|74\/100|[from] item: Leftovers\n|-heal|p2a: Forretress|100\/100|[from] item: Leftovers\n|upkeep\n|turn|10\n|\n|t:|1711945273\n|move|p1a: Grimace|Earthquake|p2a: Forretress\n|-damage|p2a: Forretress|60\/100\n|move|p2a: Forretress|Spikes|p1a: Grimace\n|-sidestart|p1: ADV Warrior Poet|Spikes\n|\n|-heal|p1a: Grimace|81\/100|[from] item: Leftovers\n|-heal|p2a: Forretress|67\/100|[from] item: Leftovers\n|upkeep\n|turn|11\n|\n|t:|1711945280\n|switch|p2a: Salamence|Salamence, F|100\/100\n|-ability|p2a: Salamence|Intimidate|boost\n|-unboost|p1a: Grimace|atk|1\n|move|p1a: Grimace|Rapid Spin|p2a: Salamence\n|-damage|p2a: Salamence|94\/100\n|-sideend|p1: ADV Warrior Poet|Spikes|[from] move: Rapid Spin|[of] p1a: Grimace\n|\n|-heal|p1a: Grimace|87\/100|[from] item: Leftovers\n|upkeep\n|turn|12\n|\n|t:|1711945286\n|switch|p1a: Hamburger Helper|Skarmory, F|78\/100\n|move|p2a: Salamence|Hidden Power|p1a: Hamburger Helper\n|-resisted|p1a: Hamburger Helper\n|-damage|p1a: Hamburger Helper|55\/100\n|\n|-heal|p1a: Hamburger Helper|61\/100|[from] item: Leftovers\n|upkeep\n|turn|13\n|\n|t:|1711945292\n|switch|p2a: Forretress|Forretress, M|67\/100\n|move|p1a: Hamburger Helper|Drill Peck|p2a: Forretress\n|-damage|p2a: Forretress|48\/100\n|\n|-heal|p1a: Hamburger Helper|67\/100|[from] item: Leftovers\n|-heal|p2a: Forretress|55\/100|[from] item: Leftovers\n|upkeep\n|turn|14\n|\n|t:|1711945296\n|move|p1a: Hamburger Helper|Spikes|p2a: Forretress\n|-sidestart|p2: snorlaxplayer82|Spikes\n|move|p2a: Forretress|Hidden Power|p1a: Hamburger Helper\n|-supereffective|p1a: Hamburger Helper\n|-crit|p1a: Hamburger Helper\n|-damage|p1a: Hamburger Helper|11\/100\n|\n|-heal|p1a: Hamburger Helper|17\/100|[from] item: Leftovers\n|-heal|p2a: Forretress|61\/100|[from] item: Leftovers\n|upkeep\n|turn|15\n|\n|t:|1711945301\n|switch|p1a: The Noid|Banette, M|3\/100\n|move|p2a: Forretress|Spikes|p1a: The Noid\n|-sidestart|p1: ADV Warrior Poet|Spikes\n|\n|-heal|p1a: The Noid|9\/100|[from] item: Leftovers\n|-heal|p2a: Forretress|67\/100|[from] item: Leftovers\n|upkeep\n|turn|16\n|\n|t:|1711945305\n|switch|p2a: Houndoom|Houndoom, F|100\/100\n|-damage|p2a: Houndoom|88\/100|[from] Spikes\n|move|p1a: The Noid|Knock Off|p2a: Houndoom\n|-resisted|p2a: Houndoom\n|-damage|p2a: Houndoom|86\/100\n|-enditem|p2a: Houndoom|Leftovers|[from] move: Knock Off|[of] p1a: The Noid\n|-hint|In Gens 3-4, Knock Off only makes the target's item unusable; it cannot obtain a new item.\n|\n|-heal|p1a: The Noid|16\/100|[from] item: Leftovers\n|upkeep\n|turn|17\n|\n|t:|1711945310\n|move|p2a: Houndoom|Crunch|p1a: The Noid\n|-supereffective|p1a: The Noid\n|-damage|p1a: The Noid|0 fnt\n|faint|p1a: The Noid\n|\n|t:|1711945312\n|switch|p1a: Hamburger|Tyranitar, M|100\/100\n|-damage|p1a: Hamburger|88\/100|[from] Spikes\n|-weather|Sandstorm|[from] ability: Sand Stream|[of] p1a: Hamburger\n|\n|-weather|Sandstorm|[upkeep]\n|-damage|p2a: Houndoom|80\/100|[from] Sandstorm\n|upkeep\n|turn|18\n|\n|t:|1711945315\n|switch|p2a: Salamence|Salamence, F|94\/100\n|-ability|p2a: Salamence|Intimidate|boost\n|-unboost|p1a: Hamburger|atk|1\n|move|p1a: Hamburger|Dragon Dance|p1a: Hamburger\n|-boost|p1a: Hamburger|atk|1\n|-boost|p1a: Hamburger|spe|1\n|\n|-weather|Sandstorm|[upkeep]\n|-damage|p2a: Salamence|88\/100|[from] Sandstorm\n|upkeep\n|turn|19\n|\n|t:|1711945319\n|switch|p2a: Metagross|Metagross|100\/100\n|-damage|p2a: Metagross|88\/100|[from] Spikes\n|move|p1a: Hamburger|Rock Slide|p2a: Metagross\n|-resisted|p2a: Metagross\n|-damage|p2a: Metagross|75\/100\n|\n|-weather|Sandstorm|[upkeep]\n|-heal|p2a: Metagross|81\/100|[from] item: Leftovers\n|upkeep\n|turn|20\n|\n|t:|1711945328\n|switch|p1a: Grimace|Donphan, M, shiny|87\/100\n|-damage|p1a: Grimace|74\/100|[from] Spikes\n|move|p2a: Metagross|Meteor Mash|p1a: Grimace\n|-damage|p1a: Grimace|32\/100\n|\n|-weather|Sandstorm|[upkeep]\n|-heal|p2a: Metagross|87\/100|[from] item: Leftovers\n|-heal|p1a: Grimace|38\/100|[from] item: Leftovers\n|upkeep\n|turn|21\n|\n|t:|1711945337\n|switch|p2a: Salamence|Salamence, F|88\/100\n|-ability|p2a: Salamence|Intimidate|boost\n|-unboost|p1a: Grimace|atk|1\n|move|p1a: Grimace|Earthquake|p2a: Salamence\n|-immune|p2a: Salamence\n|\n|-weather|Sandstorm|[upkeep]\n|-damage|p2a: Salamence|82\/100|[from] Sandstorm\n|-heal|p1a: Grimace|44\/100|[from] item: Leftovers\n|upkeep\n|turn|22\n|\n|t:|1711945339\n|move|p2a: Salamence|Hidden Power|p1a: Grimace\n|-damage|p1a: Grimace|1\/100\n|move|p1a: Grimace|Rock Slide|p2a: Salamence\n|-supereffective|p2a: Salamence\n|-damage|p2a: Salamence|36\/100\n|\n|-weather|Sandstorm|[upkeep]\n|-damage|p2a: Salamence|30\/100|[from] Sandstorm\n|-heal|p1a: Grimace|7\/100|[from] item: Leftovers\n|upkeep\n|turn|23\n|\n|t:|1711945342\n|move|p2a: Salamence|Hidden Power|p1a: Grimace\n|-damage|p1a: Grimace|0 fnt\n|faint|p1a: Grimace\n|\n|t:|1711945344\n|switch|p1a: Beans 'n Rice|Aerodactyl, M|100\/100\n|\n|-weather|Sandstorm|[upkeep]\n|-damage|p2a: Salamence|23\/100|[from] Sandstorm\n|upkeep\n|turn|24\n|\n|t:|1711945353\n|switch|p2a: Metagross|Metagross|87\/100\n|-damage|p2a: Metagross|75\/100|[from] Spikes\n|move|p1a: Beans 'n Rice|Earthquake|p2a: Metagross\n|-supereffective|p2a: Metagross\n|-crit|p2a: Metagross\n|-damage|p2a: Metagross|0 fnt\n|faint|p2a: Metagross\n|\n|t:|1711945356\n|switch|p2a: Salamence|Salamence, F|23\/100\n|-ability|p2a: Salamence|Intimidate|boost\n|-unboost|p1a: Beans 'n Rice|atk|1\n|\n|-weather|Sandstorm|[upkeep]\n|-damage|p2a: Salamence|17\/100|[from] Sandstorm\n|upkeep\n|turn|25\n|\n|t:|1711945361\n|switch|p1a: Hamburger Helper|Skarmory, F|17\/100\n|move|p2a: Salamence|Brick Break|p1a: Hamburger Helper\n|-damage|p1a: Hamburger Helper|0 fnt\n|faint|p1a: Hamburger Helper\n|\n|t:|1711945363\n|switch|p1a: The Roughage|Celebi|100\/100\n|-damage|p1a: The Roughage|88\/100|[from] Spikes\n|\n|-weather|Sandstorm|[upkeep]\n|-damage|p2a: Salamence|11\/100|[from] Sandstorm\n|-damage|p1a: The Roughage|82\/100|[from] Sandstorm\n|-heal|p1a: The Roughage|88\/100|[from] item: Leftovers\n|upkeep\n|turn|26\n|\n|t:|1711945366\n|switch|p2a: Houndoom|Houndoom, F|80\/100\n|-damage|p2a: Houndoom|67\/100|[from] Spikes\n|move|p1a: The Roughage|Swords Dance|p1a: The Roughage\n|-boost|p1a: The Roughage|atk|2\n|\n|-weather|Sandstorm|[upkeep]\n|-damage|p2a: Houndoom|61\/100|[from] Sandstorm\n|-damage|p1a: The Roughage|82\/100|[from] Sandstorm\n|-heal|p1a: The Roughage|88\/100|[from] item: Leftovers\n|upkeep\n|turn|27\n|\n|t:|1711945380\n|move|p2a: Houndoom|Fire Blast|p1a: The Roughage|[miss]\n|-miss|p2a: Houndoom|p1a: The Roughage\n|move|p1a: The Roughage|Baton Pass|p1a: The Roughage\n|\n|t:|1711945384\n|switch|p1a: Hamburger|Tyranitar, M|88\/100|[from] Baton Pass\n|-damage|p1a: Hamburger|76\/100|[from] Spikes\n|\n|-weather|Sandstorm|[upkeep]\n|-damage|p2a: Houndoom|55\/100|[from] Sandstorm\n|upkeep\n|turn|28\n|\n|t:|1711945390\n|switch|p2a: Salamence|Salamence, F|11\/100\n|-ability|p2a: Salamence|Intimidate|boost\n|-unboost|p1a: Hamburger|atk|1\n|move|p1a: Hamburger|Dragon Dance|p1a: Hamburger\n|-boost|p1a: Hamburger|atk|1\n|-boost|p1a: Hamburger|spe|1\n|\n|-weather|Sandstorm|[upkeep]\n|-damage|p2a: Salamence|5\/100|[from] Sandstorm\n|upkeep\n|turn|29\n|\n|t:|1711945403\n|switch|p2a: Blissey|Blissey, F|100\/100\n|-damage|p2a: Blissey|88\/100|[from] Spikes\n|move|p1a: Hamburger|Rock Slide|p2a: Blissey\n|-damage|p2a: Blissey|11\/100\n|\n|-weather|Sandstorm|[upkeep]\n|-damage|p2a: Blissey|5\/100|[from] Sandstorm\n|-heal|p2a: Blissey|11\/100|[from] item: Leftovers\n|upkeep\n|turn|30\n|\n|t:|1711945408\n|switch|p2a: Salamence|Salamence, F|5\/100\n|-ability|p2a: Salamence|Intimidate|boost\n|-unboost|p1a: Hamburger|atk|1\n|move|p1a: Hamburger|Dragon Dance|p1a: Hamburger\n|-boost|p1a: Hamburger|atk|1\n|-boost|p1a: Hamburger|spe|1\n|\n|-weather|Sandstorm|[upkeep]\n|-damage|p2a: Salamence|0 fnt|[from] Sandstorm\n|faint|p2a: Salamence\n|upkeep\n|\n|t:|1711945411\n|switch|p2a: Snorlax|Snorlax, F|100\/100\n|-damage|p2a: Snorlax|88\/100|[from] Spikes\n|turn|31\n|\n|t:|1711945427\n|move|p1a: Hamburger|Rock Slide|p2a: Snorlax\n|-damage|p2a: Snorlax|27\/100\n|move|p2a: Snorlax|Self-Destruct|p1a: Hamburger\n|-resisted|p1a: Hamburger\n|-damage|p1a: Hamburger|0 fnt\n|faint|p2a: Snorlax\n|faint|p1a: Hamburger\n|\n|t:|1711945439\n|switch|p1a: Beans 'n Rice|Aerodactyl, M|100\/100\n|switch|p2a: Forretress|Forretress, M|67\/100\n|-damage|p2a: Forretress|55\/100|[from] Spikes\n|\n|-weather|Sandstorm|[upkeep]\n|-heal|p2a: Forretress|61\/100|[from] item: Leftovers\n|upkeep\n|turn|32\n|\n|t:|1711945447\n|switch|p1a: The Roughage|Celebi|88\/100\n|-damage|p1a: The Roughage|76\/100|[from] Spikes\n|move|p2a: Forretress|Hidden Power|p1a: The Roughage\n|-supereffective|p1a: The Roughage\n|-crit|p1a: The Roughage\n|-damage|p1a: The Roughage|26\/100\n|\n|-weather|Sandstorm|[upkeep]\n|-damage|p1a: The Roughage|20\/100|[from] Sandstorm\n|-heal|p1a: The Roughage|26\/100|[from] item: Leftovers\n|-heal|p2a: Forretress|67\/100|[from] item: Leftovers\n|upkeep\n|turn|33\n|\n|t:|1711945456\n|move|p1a: The Roughage|Recover|p1a: The Roughage\n|-heal|p1a: The Roughage|76\/100\n|move|p2a: Forretress|Hidden Power|p1a: The Roughage\n|-supereffective|p1a: The Roughage\n|-damage|p1a: The Roughage|50\/100\n|\n|-weather|Sandstorm|[upkeep]\n|-damage|p1a: The Roughage|44\/100|[from] Sandstorm\n|-heal|p1a: The Roughage|50\/100|[from] item: Leftovers\n|-heal|p2a: Forretress|73\/100|[from] item: Leftovers\n|upkeep\n|turn|34\n|\n|t:|1711945458\n|move|p1a: The Roughage|Recover|p1a: The Roughage\n|-heal|p1a: The Roughage|99\/100\n|move|p2a: Forretress|Hidden Power|p1a: The Roughage\n|-supereffective|p1a: The Roughage\n|-damage|p1a: The Roughage|75\/100\n|\n|-weather|Sandstorm|[upkeep]\n|-damage|p1a: The Roughage|69\/100|[from] Sandstorm\n|-heal|p1a: The Roughage|75\/100|[from] item: Leftovers\n|-heal|p2a: Forretress|79\/100|[from] item: Leftovers\n|upkeep\n|turn|35\n|\n|t:|1711945460\n|move|p1a: The Roughage|Swords Dance|p1a: The Roughage\n|-boost|p1a: The Roughage|atk|2\n|move|p2a: Forretress|Hidden Power|p1a: The Roughage\n|-supereffective|p1a: The Roughage\n|-damage|p1a: The Roughage|49\/100\n|\n|-weather|Sandstorm|[upkeep]\n|-damage|p1a: The Roughage|43\/100|[from] Sandstorm\n|-heal|p1a: The Roughage|49\/100|[from] item: Leftovers\n|-heal|p2a: Forretress|86\/100|[from] item: Leftovers\n|upkeep\n|turn|36\n|\n|t:|1711945467\n|move|p1a: The Roughage|Baton Pass|p1a: The Roughage\n|\n|t:|1711945469\n|switch|p1a: Beans 'n Rice|Aerodactyl, M|100\/100|[from] Baton Pass\n|move|p2a: Forretress|Hidden Power|p1a: Beans 'n Rice\n|-resisted|p1a: Beans 'n Rice\n|-damage|p1a: Beans 'n Rice|90\/100\n|\n|-weather|Sandstorm|[upkeep]\n|-heal|p2a: Forretress|92\/100|[from] item: Leftovers\n|upkeep\n|turn|37\n|\n|t:|1711945474\n|move|p1a: Beans 'n Rice|Earthquake|p2a: Forretress\n|-damage|p2a: Forretress|27\/100\n|move|p2a: Forretress|Explosion|p1a: Beans 'n Rice\n|-resisted|p1a: Beans 'n Rice\n|-damage|p1a: Beans 'n Rice|9\/100\n|faint|p2a: Forretress\n|\n|t:|1711945478\n|switch|p2a: Houndoom|Houndoom, F|55\/100\n|-damage|p2a: Houndoom|42\/100|[from] Spikes\n|\n|-weather|Sandstorm|[upkeep]\n|-damage|p2a: Houndoom|36\/100|[from] Sandstorm\n|upkeep\n|turn|38\n|\n|t:|1711945480\n|move|p1a: Beans 'n Rice|Earthquake|p2a: Houndoom\n|-supereffective|p2a: Houndoom\n|-damage|p2a: Houndoom|0 fnt\n|faint|p2a: Houndoom\n|c|\u2606ADV Warrior Poet|GG\n|-message|snorlaxplayer82 forfeited.\n|\n|win|ADV Warrior Poet\n|raw|ADV Warrior Poet's rating: 1506 &rarr; <strong>1523<\/strong><br \/>(+17 for winning)\n|raw|snorlaxplayer82's rating: 1453 &rarr; <strong>1436<\/strong><br \/>(-17 for losing)\n|l|\u2606snorlaxplayer82\n|player|p2|\n","uploadtime":1711945682,"views":0,"formatid":"gen3ou","rating":1436,"private":0,"password":null}