{"id":"gen3ou-2093362341","format":"[Gen 3] OU","players":["VivvyWivvy","ADV Warrior Poet"],"log":"|j|\u2606VivvyWivvy\n|j|\u2606ADV Warrior Poet\n|t:|1711944699\n|gametype|singles\n|player|p1|VivvyWivvy|dawn-gen4pt|1299\n|player|p2|ADV Warrior Poet|musician|1496\n|teamsize|p1|6\n|teamsize|p2|6\n|gen|3\n|tier|[Gen 3] OU\n|rated|\n|rule|Sleep Clause Mod: Limit one foe put to sleep\n|rule|Switch Priority Clause Mod: Faster Pok\u00e9mon switch first\n|rule|Species Clause: Limit one of each Pok\u00e9mon\n|rule|OHKO Clause: OHKO moves are banned\n|rule|Evasion Items Clause: Evasion items are banned\n|rule|Evasion Moves Clause: Evasion moves are banned\n|rule|Endless Battle Clause: Forcing endless battles is banned\n|rule|HP Percentage Mod: HP is shown in percentages\n|rule|One Boost Passer Clause: Limit one Baton Passer that has a way to boost its stats\n|rule|Freeze Clause Mod: Limit one foe frozen\n|\n|t:|1711944699\n|start\n|switch|p1a: My Main Goal|Glalie, F|100\/100\n|switch|p2a: Hamburger Helper|Skarmory, M|100\/100\n|turn|1\n|\n|t:|1711944719\n|switch|p2a: Hamburger|Tyranitar, F|100\/100\n|-weather|Sandstorm|[from] ability: Sand Stream|[of] p2a: Hamburger\n|move|p1a: My Main Goal|Taunt|p2a: Hamburger\n|-start|p2a: Hamburger|move: Taunt\n|\n|-weather|Sandstorm|[upkeep]\n|-damage|p1a: My Main Goal|94\/100|[from] Sandstorm\n|upkeep\n|turn|2\n|\n|t:|1711944722\n|switch|p1a: Swampert|Swampert, M|100\/100\n|move|p2a: Hamburger|Rock Slide|p1a: Swampert\n|-resisted|p1a: Swampert\n|-damage|p1a: Swampert|77\/100\n|\n|-weather|Sandstorm|[upkeep]\n|-end|p2a: Hamburger|move: Taunt|[silent]\n|-heal|p1a: Swampert|83\/100|[from] item: Leftovers\n|upkeep\n|turn|3\n|\n|t:|1711944728\n|switch|p2a: The Roughage|Celebi|100\/100\n|move|p1a: Swampert|Hydro Pump|p2a: The Roughage|[miss]\n|-miss|p1a: Swampert|p2a: The Roughage\n|\n|-weather|Sandstorm|[upkeep]\n|-damage|p2a: The Roughage|94\/100|[from] Sandstorm\n|-heal|p2a: The Roughage|100\/100|[from] item: Leftovers\n|-heal|p1a: Swampert|90\/100|[from] item: Leftovers\n|upkeep\n|turn|4\n|\n|t:|1711944732\n|switch|p1a: My Main Goal|Glalie, F|94\/100\n|move|p2a: The Roughage|Swords Dance|p2a: The Roughage\n|-boost|p2a: The Roughage|atk|2\n|\n|-weather|Sandstorm|[upkeep]\n|-damage|p1a: My Main Goal|88\/100|[from] Sandstorm\n|-damage|p2a: The Roughage|94\/100|[from] Sandstorm\n|-heal|p2a: The Roughage|100\/100|[from] item: Leftovers\n|upkeep\n|turn|5\n|\n|t:|1711944737\n|move|p1a: My Main Goal|Spikes|p2a: The Roughage\n|-sidestart|p2: ADV Warrior Poet|Spikes\n|move|p2a: The Roughage|Baton Pass|p2a: The Roughage\n|\n|t:|1711944741\n|switch|p2a: Hamburger|Tyranitar, F|100\/100|[from] Baton Pass\n|-damage|p2a: Hamburger|88\/100|[from] Spikes\n|\n|-weather|Sandstorm|[upkeep]\n|-damage|p1a: My Main Goal|82\/100|[from] Sandstorm\n|upkeep\n|turn|6\n|\n|t:|1711944747\n|move|p1a: My Main Goal|Spikes|p2a: Hamburger\n|-sidestart|p2: ADV Warrior Poet|Spikes\n|move|p2a: Hamburger|Dragon Dance|p2a: Hamburger\n|-boost|p2a: Hamburger|atk|1\n|-boost|p2a: Hamburger|spe|1\n|\n|-weather|Sandstorm|[upkeep]\n|-damage|p1a: My Main Goal|76\/100|[from] Sandstorm\n|upkeep\n|turn|7\n|\n|t:|1711944754\n|move|p2a: Hamburger|Rock Slide|p1a: My Main Goal\n|-supereffective|p1a: My Main Goal\n|-damage|p1a: My Main Goal|0 fnt\n|faint|p1a: My Main Goal\n|\n|t:|1711944758\n|switch|p1a: Jolteon|Jolteon, M|100\/100\n|\n|-weather|Sandstorm|[upkeep]\n|-damage|p1a: Jolteon|95\/100|[from] Sandstorm\n|-heal|p1a: Jolteon|100\/100|[from] item: Leftovers\n|upkeep\n|turn|8\n|\n|t:|1711944764\n|move|p1a: Jolteon|Thunderbolt|p2a: Hamburger\n|-damage|p2a: Hamburger|48\/100\n|move|p2a: Hamburger|Dragon Dance|p2a: Hamburger\n|-boost|p2a: Hamburger|atk|1\n|-boost|p2a: Hamburger|spe|1\n|\n|-weather|Sandstorm|[upkeep]\n|-damage|p1a: Jolteon|95\/100|[from] Sandstorm\n|-heal|p1a: Jolteon|100\/100|[from] item: Leftovers\n|upkeep\n|turn|9\n|\n|t:|1711944771\n|switch|p1a: Gengar|Gengar, F|100\/100\n|move|p2a: Hamburger|Earthquake|p1a: Gengar\n|-immune|p1a: Gengar\n|\n|-weather|Sandstorm|[upkeep]\n|-damage|p1a: Gengar|94\/100|[from] Sandstorm\n|-heal|p1a: Gengar|100\/100|[from] item: Leftovers\n|upkeep\n|turn|10\n|\n|t:|1711944774\n|move|p2a: Hamburger|Rock Slide|p1a: Gengar\n|-damage|p1a: Gengar|0 fnt\n|faint|p1a: Gengar\n|\n|t:|1711944776\n|switch|p1a: Swampert|Swampert, M|90\/100\n|\n|-weather|Sandstorm|[upkeep]\n|-heal|p1a: Swampert|96\/100|[from] item: Leftovers\n|upkeep\n|turn|11\n|\n|t:|1711944793\n|move|p2a: Hamburger|Hyper Beam|p1a: Swampert\n|-damage|p1a: Swampert|0 fnt\n|-mustrecharge|p2a: Hamburger\n|faint|p1a: Swampert\n|\n|t:|1711944803\n|switch|p1a: Jolteon|Jolteon, M|100\/100\n|\n|-weather|Sandstorm|[upkeep]\n|-damage|p1a: Jolteon|95\/100|[from] Sandstorm\n|-heal|p1a: Jolteon|100\/100|[from] item: Leftovers\n|upkeep\n|turn|12\n|\n|t:|1711944805\n|cant|p2a: Hamburger|recharge\n|move|p1a: Jolteon|Roar|p2a: Hamburger\n|drag|p2a: Grimace|Donphan, M, shiny|100\/100\n|-damage|p2a: Grimace|84\/100|[from] Spikes\n|\n|-weather|Sandstorm|[upkeep]\n|-damage|p1a: Jolteon|95\/100|[from] Sandstorm\n|-heal|p1a: Jolteon|100\/100|[from] item: Leftovers\n|-heal|p2a: Grimace|90\/100|[from] item: Leftovers\n|upkeep\n|turn|13\n|\n|t:|1711944812\n|switch|p1a: Moltres|Moltres|100\/100\n|move|p2a: Grimace|Rapid Spin|p1a: Moltres\n|-damage|p1a: Moltres|93\/100\n|-sideend|p2: ADV Warrior Poet|Spikes|[from] move: Rapid Spin|[of] p2a: Grimace\n|\n|-weather|Sandstorm|[upkeep]\n|-damage|p1a: Moltres|87\/100|[from] Sandstorm\n|-heal|p1a: Moltres|93\/100|[from] item: Leftovers\n|-heal|p2a: Grimace|96\/100|[from] item: Leftovers\n|upkeep\n|turn|14\n|\n|t:|1711944816\n|move|p1a: Moltres|Hidden Power|p2a: Grimace\n|-supereffective|p2a: Grimace\n|-damage|p2a: Grimace|21\/100\n|move|p2a: Grimace|Rock Slide|p1a: Moltres\n|-supereffective|p1a: Moltres\n|-damage|p1a: Moltres|0 fnt\n|faint|p1a: Moltres\n|\n|t:|1711944819\n|switch|p1a: Jolteon|Jolteon, M|100\/100\n|\n|-weather|Sandstorm|[upkeep]\n|-damage|p1a: Jolteon|95\/100|[from] Sandstorm\n|-heal|p1a: Jolteon|100\/100|[from] item: Leftovers\n|-heal|p2a: Grimace|27\/100|[from] item: Leftovers\n|upkeep\n|turn|15\n|\n|t:|1711944823\n|move|p1a: Jolteon|Hidden Power|p2a: Grimace\n|-supereffective|p2a: Grimace\n|-crit|p2a: Grimace\n|-damage|p2a: Grimace|0 fnt\n|faint|p2a: Grimace\n|\n|t:|1711944828\n|switch|p2a: Hamburger|Tyranitar, F|48\/100\n|\n|-weather|Sandstorm|[upkeep]\n|-damage|p1a: Jolteon|95\/100|[from] Sandstorm\n|-heal|p1a: Jolteon|100\/100|[from] item: Leftovers\n|upkeep\n|turn|16\n|\n|t:|1711944832\n|move|p1a: Jolteon|Thunderbolt|p2a: Hamburger\n|-crit|p2a: Hamburger\n|-damage|p2a: Hamburger|0 fnt\n|faint|p2a: Hamburger\n|\n|t:|1711944835\n|switch|p2a: The Roughage|Celebi|100\/100\n|\n|-weather|Sandstorm|[upkeep]\n|-damage|p1a: Jolteon|95\/100|[from] Sandstorm\n|-damage|p2a: The Roughage|94\/100|[from] Sandstorm\n|-heal|p1a: Jolteon|100\/100|[from] item: Leftovers\n|-heal|p2a: The Roughage|100\/100|[from] item: Leftovers\n|upkeep\n|turn|17\n|\n|t:|1711944838\n|move|p1a: Jolteon|Hidden Power|p2a: The Roughage\n|-supereffective|p2a: The Roughage\n|-damage|p2a: The Roughage|60\/100\n|move|p2a: The Roughage|Leech Seed|p1a: Jolteon\n|-start|p1a: Jolteon|move: Leech Seed\n|\n|-weather|Sandstorm|[upkeep]\n|-damage|p1a: Jolteon|95\/100|[from] Sandstorm\n|-damage|p2a: The Roughage|54\/100|[from] Sandstorm\n|-heal|p1a: Jolteon|100\/100|[from] item: Leftovers\n|-damage|p1a: Jolteon|88\/100|[from] Leech Seed|[of] p2a: The Roughage\n|-heal|p2a: The Roughage|62\/100|[silent]\n|-heal|p2a: The Roughage|68\/100|[from] item: Leftovers\n|upkeep\n|turn|18\n|\n|t:|1711944843\n|move|p1a: Jolteon|Hidden Power|p2a: The Roughage\n|-supereffective|p2a: The Roughage\n|-damage|p2a: The Roughage|34\/100\n|move|p2a: The Roughage|Recover|p2a: The Roughage\n|-heal|p2a: The Roughage|84\/100\n|\n|-weather|Sandstorm|[upkeep]\n|-damage|p1a: Jolteon|82\/100|[from] Sandstorm\n|-damage|p2a: The Roughage|78\/100|[from] Sandstorm\n|-heal|p1a: Jolteon|88\/100|[from] item: Leftovers\n|-damage|p1a: Jolteon|76\/100|[from] Leech Seed|[of] p2a: The Roughage\n|-heal|p2a: The Roughage|86\/100|[silent]\n|-heal|p2a: The Roughage|93\/100|[from] item: Leftovers\n|upkeep\n|turn|19\n|\n|t:|1711944849\n|move|p2a: The Roughage|Swords Dance|p2a: The Roughage\n|-boost|p2a: The Roughage|atk|2\n|move|p1a: Jolteon|Roar|p2a: The Roughage\n|drag|p2a: Hamburger Helper|Skarmory, M|100\/100\n|\n|-weather|Sandstorm|[upkeep]\n|-damage|p1a: Jolteon|70\/100|[from] Sandstorm\n|-heal|p1a: Jolteon|76\/100|[from] item: Leftovers\n|-damage|p1a: Jolteon|64\/100|[from] Leech Seed|[of] p2a: Hamburger Helper\n|upkeep\n|turn|20\n|\n|t:|1711944854\n|switch|p2a: The Roughage|Celebi|93\/100\n|move|p1a: Jolteon|Thunderbolt|p2a: The Roughage\n|-resisted|p2a: The Roughage\n|-crit|p2a: The Roughage\n|-damage|p2a: The Roughage|57\/100\n|-status|p2a: The Roughage|par\n|\n|-weather|Sandstorm|[upkeep]\n|-damage|p1a: Jolteon|58\/100|[from] Sandstorm\n|-damage|p2a: The Roughage|51\/100 par|[from] Sandstorm\n|-heal|p1a: Jolteon|64\/100|[from] item: Leftovers\n|-damage|p1a: Jolteon|52\/100|[from] Leech Seed|[of] p2a: The Roughage\n|-heal|p2a: The Roughage|59\/100 par|[silent]\n|-heal|p2a: The Roughage|66\/100 par|[from] item: Leftovers\n|upkeep\n|turn|21\n|\n|t:|1711944857\n|switch|p1a: Tyranitar|Tyranitar, F|100\/100\n|-curestatus|p2a: The Roughage|par|[from] ability: Natural Cure\n|switch|p2a: Hamburger Helper|Skarmory, M|100\/100\n|\n|-weather|Sandstorm|[upkeep]\n|upkeep\n|turn|22\n|\n|t:|1711944862\n|move|p1a: Tyranitar|Dragon Dance|p1a: Tyranitar\n|-boost|p1a: Tyranitar|atk|1\n|-boost|p1a: Tyranitar|spe|1\n|move|p2a: Hamburger Helper|Spikes|p1a: Tyranitar\n|-sidestart|p1: VivvyWivvy|Spikes\n|\n|-weather|Sandstorm|[upkeep]\n|upkeep\n|turn|23\n|\n|t:|1711944865\n|move|p1a: Tyranitar|Dragon Dance|p1a: Tyranitar\n|-boost|p1a: Tyranitar|atk|1\n|-boost|p1a: Tyranitar|spe|1\n|move|p2a: Hamburger Helper|Roar|p1a: Tyranitar\n|drag|p1a: Jolteon|Jolteon, M|52\/100\n|-damage|p1a: Jolteon|40\/100|[from] Spikes\n|\n|-weather|Sandstorm|[upkeep]\n|-damage|p1a: Jolteon|34\/100|[from] Sandstorm\n|-heal|p1a: Jolteon|40\/100|[from] item: Leftovers\n|upkeep\n|turn|24\n|\n|t:|1711944872\n|switch|p2a: The Roughage|Celebi|66\/100\n|move|p1a: Jolteon|Thunderbolt|p2a: The Roughage\n|-resisted|p2a: The Roughage\n|-damage|p2a: The Roughage|46\/100\n|\n|-weather|Sandstorm|[upkeep]\n|-damage|p1a: Jolteon|34\/100|[from] Sandstorm\n|-damage|p2a: The Roughage|39\/100|[from] Sandstorm\n|-heal|p1a: Jolteon|40\/100|[from] item: Leftovers\n|-heal|p2a: The Roughage|46\/100|[from] item: Leftovers\n|upkeep\n|turn|25\n|\n|t:|1711944877\n|move|p1a: Jolteon|Hidden Power|p2a: The Roughage\n|-supereffective|p2a: The Roughage\n|-damage|p2a: The Roughage|8\/100\n|move|p2a: The Roughage|Recover|p2a: The Roughage\n|-heal|p2a: The Roughage|58\/100\n|\n|-weather|Sandstorm|[upkeep]\n|-damage|p1a: Jolteon|34\/100|[from] Sandstorm\n|-damage|p2a: The Roughage|51\/100|[from] Sandstorm\n|-heal|p1a: Jolteon|40\/100|[from] item: Leftovers\n|-heal|p2a: The Roughage|58\/100|[from] item: Leftovers\n|upkeep\n|turn|26\n|\n|t:|1711944880\n|move|p1a: Jolteon|Hidden Power|p2a: The Roughage\n|-supereffective|p2a: The Roughage\n|-damage|p2a: The Roughage|22\/100\n|move|p2a: The Roughage|Recover|p2a: The Roughage\n|-heal|p2a: The Roughage|72\/100\n|\n|-weather|Sandstorm|[upkeep]\n|-damage|p1a: Jolteon|34\/100|[from] Sandstorm\n|-damage|p2a: The Roughage|66\/100|[from] Sandstorm\n|-heal|p1a: Jolteon|40\/100|[from] item: Leftovers\n|-heal|p2a: The Roughage|72\/100|[from] item: Leftovers\n|upkeep\n|turn|27\n|\n|t:|1711944885\n|switch|p2a: Hamburger Helper|Skarmory, M|100\/100\n|move|p1a: Jolteon|Hidden Power|p2a: Hamburger Helper\n|-damage|p2a: Hamburger Helper|81\/100\n|\n|-weather|Sandstorm|[upkeep]\n|-damage|p1a: Jolteon|34\/100|[from] Sandstorm\n|-heal|p1a: Jolteon|40\/100|[from] item: Leftovers\n|-heal|p2a: Hamburger Helper|88\/100|[from] item: Leftovers\n|upkeep\n|turn|28\n|\n|t:|1711944890\n|switch|p2a: The Roughage|Celebi|72\/100\n|move|p1a: Jolteon|Thunderbolt|p2a: The Roughage\n|-resisted|p2a: The Roughage\n|-damage|p2a: The Roughage|54\/100\n|\n|-weather|Sandstorm|[upkeep]\n|-damage|p1a: Jolteon|34\/100|[from] Sandstorm\n|-damage|p2a: The Roughage|48\/100|[from] Sandstorm\n|-heal|p1a: Jolteon|40\/100|[from] item: Leftovers\n|-heal|p2a: The Roughage|54\/100|[from] item: Leftovers\n|upkeep\n|turn|29\n|\n|t:|1711944896\n|move|p1a: Jolteon|Thunderbolt|p2a: The Roughage\n|-resisted|p2a: The Roughage\n|-damage|p2a: The Roughage|34\/100\n|move|p2a: The Roughage|Recover|p2a: The Roughage\n|-heal|p2a: The Roughage|84\/100\n|\n|-weather|Sandstorm|[upkeep]\n|-damage|p1a: Jolteon|34\/100|[from] Sandstorm\n|-damage|p2a: The Roughage|78\/100|[from] Sandstorm\n|-heal|p1a: Jolteon|40\/100|[from] item: Leftovers\n|-heal|p2a: The Roughage|84\/100|[from] item: Leftovers\n|upkeep\n|turn|30\n|\n|t:|1711944899\n|move|p1a: Jolteon|Hidden Power|p2a: The Roughage\n|-supereffective|p2a: The Roughage\n|-damage|p2a: The Roughage|47\/100\n|move|p2a: The Roughage|Leech Seed|p1a: Jolteon\n|-start|p1a: Jolteon|move: Leech Seed\n|\n|-weather|Sandstorm|[upkeep]\n|-damage|p1a: Jolteon|34\/100|[from] Sandstorm\n|-damage|p2a: The Roughage|41\/100|[from] Sandstorm\n|-heal|p1a: Jolteon|40\/100|[from] item: Leftovers\n|-damage|p1a: Jolteon|27\/100|[from] Leech Seed|[of] p2a: The Roughage\n|-heal|p2a: The Roughage|49\/100|[silent]\n|-heal|p2a: The Roughage|55\/100|[from] item: Leftovers\n|upkeep\n|turn|31\n|\n|t:|1711944905\n|move|p1a: Jolteon|Thunderbolt|p2a: The Roughage\n|-resisted|p2a: The Roughage\n|-damage|p2a: The Roughage|36\/100\n|move|p2a: The Roughage|Recover|p2a: The Roughage\n|-heal|p2a: The Roughage|86\/100\n|\n|-weather|Sandstorm|[upkeep]\n|-damage|p1a: Jolteon|22\/100|[from] Sandstorm\n|-damage|p2a: The Roughage|79\/100|[from] Sandstorm\n|-heal|p1a: Jolteon|27\/100|[from] item: Leftovers\n|-damage|p1a: Jolteon|15\/100|[from] Leech Seed|[of] p2a: The Roughage\n|-heal|p2a: The Roughage|88\/100|[silent]\n|-heal|p2a: The Roughage|94\/100|[from] item: Leftovers\n|upkeep\n|turn|32\n|\n|t:|1711944913\n|move|p1a: Jolteon|Hidden Power|p2a: The Roughage\n|-supereffective|p2a: The Roughage\n|-crit|p2a: The Roughage\n|-damage|p2a: The Roughage|23\/100\n|move|p2a: The Roughage|Recover|p2a: The Roughage\n|-heal|p2a: The Roughage|73\/100\n|\n|-weather|Sandstorm|[upkeep]\n|-damage|p1a: Jolteon|9\/100|[from] Sandstorm\n|-damage|p2a: The Roughage|67\/100|[from] Sandstorm\n|-heal|p1a: Jolteon|15\/100|[from] item: Leftovers\n|-damage|p1a: Jolteon|3\/100|[from] Leech Seed|[of] p2a: The Roughage\n|-heal|p2a: The Roughage|75\/100|[silent]\n|-heal|p2a: The Roughage|81\/100|[from] item: Leftovers\n|upkeep\n|turn|33\n|\n|t:|1711944916\n|move|p1a: Jolteon|Hidden Power|p2a: The Roughage\n|-supereffective|p2a: The Roughage\n|-damage|p2a: The Roughage|43\/100\n|move|p2a: The Roughage|Recover|p2a: The Roughage\n|-heal|p2a: The Roughage|93\/100\n|\n|-weather|Sandstorm|[upkeep]\n|-damage|p1a: Jolteon|0 fnt|[from] Sandstorm\n|-damage|p2a: The Roughage|86\/100|[from] Sandstorm\n|faint|p1a: Jolteon\n|-heal|p2a: The Roughage|93\/100|[from] item: Leftovers\n|upkeep\n|\n|t:|1711944919\n|switch|p1a: Tyranitar|Tyranitar, F|100\/100\n|-damage|p1a: Tyranitar|88\/100|[from] Spikes\n|turn|34\n|\n|t:|1711944924\n|move|p2a: The Roughage|Leech Seed|p1a: Tyranitar\n|-start|p1a: Tyranitar|move: Leech Seed\n|move|p1a: Tyranitar|Dragon Dance|p1a: Tyranitar\n|-boost|p1a: Tyranitar|atk|1\n|-boost|p1a: Tyranitar|spe|1\n|\n|-weather|Sandstorm|[upkeep]\n|-damage|p2a: The Roughage|86\/100|[from] Sandstorm\n|-damage|p1a: Tyranitar|76\/100|[from] Leech Seed|[of] p2a: The Roughage\n|-heal|p2a: The Roughage|97\/100|[silent]\n|-heal|p2a: The Roughage|100\/100|[from] item: Leftovers\n|upkeep\n|turn|35\n|\n|t:|1711944927\n|move|p1a: Tyranitar|Dragon Dance|p1a: Tyranitar\n|-boost|p1a: Tyranitar|atk|1\n|-boost|p1a: Tyranitar|spe|1\n|move|p2a: The Roughage|Baton Pass|p2a: The Roughage\n|\n|t:|1711944931\n|switch|p2a: Hamburger Helper|Skarmory, M|88\/100|[from] Baton Pass\n|\n|-weather|Sandstorm|[upkeep]\n|-damage|p1a: Tyranitar|64\/100|[from] Leech Seed|[of] p2a: Hamburger Helper\n|-heal|p2a: Hamburger Helper|99\/100|[silent]\n|-heal|p2a: Hamburger Helper|100\/100|[from] item: Leftovers\n|upkeep\n|turn|36\n|\n|t:|1711944934\n|move|p1a: Tyranitar|Rock Slide|p2a: Hamburger Helper\n|-damage|p2a: Hamburger Helper|44\/100\n|move|p2a: Hamburger Helper|Taunt|p1a: Tyranitar\n|-start|p1a: Tyranitar|move: Taunt\n|\n|-weather|Sandstorm|[upkeep]\n|-damage|p1a: Tyranitar|51\/100|[from] Leech Seed|[of] p2a: Hamburger Helper\n|-heal|p2a: Hamburger Helper|56\/100|[silent]\n|-heal|p2a: Hamburger Helper|62\/100|[from] item: Leftovers\n|upkeep\n|turn|37\n|\n|t:|1711944941\n|switch|p2a: The Roughage|Celebi|100\/100\n|move|p1a: Tyranitar|Rock Slide|p2a: The Roughage\n|-damage|p2a: The Roughage|45\/100\n|\n|-weather|Sandstorm|[upkeep]\n|-damage|p2a: The Roughage|39\/100|[from] Sandstorm\n|-damage|p1a: Tyranitar|39\/100|[from] Leech Seed|[of] p2a: The Roughage\n|-heal|p2a: The Roughage|49\/100|[silent]\n|-end|p1a: Tyranitar|move: Taunt|[silent]\n|-heal|p2a: The Roughage|55\/100|[from] item: Leftovers\n|upkeep\n|turn|38\n|\n|t:|1711944950\n|switch|p2a: Hamburger Helper|Skarmory, M|62\/100\n|move|p1a: Tyranitar|Rock Slide|p2a: Hamburger Helper\n|-damage|p2a: Hamburger Helper|4\/100\n|\n|-weather|Sandstorm|[upkeep]\n|-damage|p1a: Tyranitar|27\/100|[from] Leech Seed|[of] p2a: Hamburger Helper\n|-heal|p2a: Hamburger Helper|16\/100|[silent]\n|-heal|p2a: Hamburger Helper|22\/100|[from] item: Leftovers\n|upkeep\n|turn|39\n|\n|t:|1711944961\n|switch|p2a: The Roughage|Celebi|55\/100\n|move|p1a: Tyranitar|Dragon Dance|p1a: Tyranitar\n|-boost|p1a: Tyranitar|atk|1\n|-boost|p1a: Tyranitar|spe|1\n|\n|-weather|Sandstorm|[upkeep]\n|-damage|p2a: The Roughage|49\/100|[from] Sandstorm\n|-damage|p1a: Tyranitar|14\/100|[from] Leech Seed|[of] p2a: The Roughage\n|-heal|p2a: The Roughage|60\/100|[silent]\n|-heal|p2a: The Roughage|66\/100|[from] item: Leftovers\n|upkeep\n|turn|40\n|\n|t:|1711944966\n|move|p1a: Tyranitar|Rock Slide|p2a: The Roughage\n|-damage|p2a: The Roughage|0 fnt\n|faint|p2a: The Roughage\n|\n|t:|1711944967\n|switch|p2a: The Noid|Banette, F|100\/100\n|\n|-weather|Sandstorm|[upkeep]\n|-damage|p2a: The Noid|94\/100|[from] Sandstorm\n|-damage|p1a: Tyranitar|2\/100|[from] Leech Seed|[of] p2a: The Noid\n|-heal|p2a: The Noid|100\/100|[silent]\n|upkeep\n|turn|41\n|\n|t:|1711944969\n|move|p1a: Tyranitar|Rock Slide|p2a: The Noid\n|-damage|p2a: The Noid|0 fnt\n|faint|p2a: The Noid\n|\n|t:|1711944971\n|switch|p2a: Hamburger Helper|Skarmory, M|22\/100\n|\n|-weather|Sandstorm|[upkeep]\n|-damage|p1a: Tyranitar|0 fnt|[from] Leech Seed|[of] p2a: Hamburger Helper\n|-heal|p2a: Hamburger Helper|24\/100|[silent]\n|faint|p1a: Tyranitar\n|\n|win|ADV Warrior Poet\n|upkeep\n|raw|VivvyWivvy's rating: 1299 &rarr; <strong>1287<\/strong><br \/>(-12 for losing)\n|raw|ADV Warrior Poet's rating: 1496 &rarr; <strong>1506<\/strong><br \/>(+10 for winning)\n|c|\u2606ADV Warrior Poet|GG\n|l|\u2606VivvyWivvy\n|player|p1|\n","uploadtime":1711945003,"views":1,"formatid":"gen3ou","rating":1287,"private":0,"password":null}