{"id":"gen3ou-2093368772","format":"[Gen 3] OU","players":["Pewpiepie","mcspazz"],"log":"|j|\u2606Pewpiepie\n|j|\u2606mcspazz\n|t:|1711945739\n|gametype|singles\n|player|p1|Pewpiepie|rocket-gen1|1505\n|player|p2|mcspazz|teamrocket|1433\n|teamsize|p1|6\n|teamsize|p2|6\n|gen|3\n|tier|[Gen 3] OU\n|rated|\n|rule|Sleep Clause Mod: Limit one foe put to sleep\n|rule|Switch Priority Clause Mod: Faster Pok\u00e9mon switch first\n|rule|Species Clause: Limit one of each Pok\u00e9mon\n|rule|OHKO Clause: OHKO moves are banned\n|rule|Evasion Items Clause: Evasion items are banned\n|rule|Evasion Moves Clause: Evasion moves are banned\n|rule|Endless Battle Clause: Forcing endless battles is banned\n|rule|HP Percentage Mod: HP is shown in percentages\n|rule|One Boost Passer Clause: Limit one Baton Passer that has a way to boost its stats\n|rule|Freeze Clause Mod: Limit one foe frozen\n|\n|t:|1711945739\n|start\n|switch|p1a: X\u00eb\u0159\u0146\u00e6\u015f|Stantler, M, shiny|100\/100\n|switch|p2a: Zapdos|Zapdos|100\/100\n|-ability|p1a: X\u00eb\u0159\u0146\u00e6\u015f|Intimidate|boost\n|-unboost|p2a: Zapdos|atk|1\n|turn|1\n|j| Odisha Brandt\n|inactive|Battle timer is ON: inactive players will automatically lose when time's up. (requested by Pewpiepie)\n|\n|t:|1711945767\n|move|p2a: Zapdos|Thunderbolt|p1a: X\u00eb\u0159\u0146\u00e6\u015f\n|-damage|p1a: X\u00eb\u0159\u0146\u00e6\u015f|32\/100\n|move|p1a: X\u00eb\u0159\u0146\u00e6\u015f|Confuse Ray|p2a: Zapdos\n|-start|p2a: Zapdos|confusion\n|\n|-heal|p1a: X\u00eb\u0159\u0146\u00e6\u015f|38\/100|[from] item: Leftovers\n|upkeep\n|turn|2\n|\n|t:|1711945776\n|switch|p2a: Steelix|Steelix, F, shiny|100\/100\n|switch|p1a: Bolteon|Jolteon, M|100\/100\n|\n|upkeep\n|turn|3\n|\n|t:|1711945781\n|move|p1a: Bolteon|Baton Pass|p1a: Bolteon\n|\n|t:|1711945783\n|switch|p1a: Tetanus|Skarmory, F|100\/100|[from] Baton Pass\n|move|p2a: Steelix|Earthquake|p1a: Tetanus\n|-immune|p1a: Tetanus\n|\n|upkeep\n|turn|4\n|\n|t:|1711945800\n|switch|p2a: Zapdos|Zapdos|100\/100\n|move|p1a: Tetanus|Spikes|p2a: Zapdos\n|-sidestart|p2: mcspazz|Spikes\n|\n|upkeep\n|turn|5\n|\n|t:|1711945803\n|switch|p1a: Bolteon|Jolteon, M|100\/100\n|move|p2a: Zapdos|Thunder Wave|p1a: Bolteon\n|-status|p1a: Bolteon|par\n|\n|upkeep\n|turn|6\n|\n|t:|1711945807\n|move|p2a: Zapdos|Baton Pass|p2a: Zapdos\n|\n|t:|1711945810\n|switch|p2a: Dugtrio|Dugtrio, M, shiny|100\/100|[from] Baton Pass\n|-damage|p2a: Dugtrio|88\/100|[from] Spikes\n|cant|p1a: Bolteon|par\n|\n|upkeep\n|turn|7\n|\n|t:|1711945839\n|move|p2a: Dugtrio|Earthquake|p1a: Bolteon\n|-supereffective|p1a: Bolteon\n|-damage|p1a: Bolteon|0 fnt\n|faint|p1a: Bolteon\n|\n|t:|1711945841\n|switch|p1a: Tetanus|Skarmory, F|100\/100\n|\n|upkeep\n|turn|8\n|\n|t:|1711945843\n|switch|p2a: Zapdos|Zapdos|100\/100\n|move|p1a: Tetanus|Sand Attack|p2a: Zapdos\n|-unboost|p2a: Zapdos|accuracy|1\n|\n|upkeep\n|turn|9\n|\n|t:|1711945851\n|move|p2a: Zapdos|Thunder Wave|p1a: Tetanus\n|-status|p1a: Tetanus|par\n|move|p1a: Tetanus|Sand Attack|p2a: Zapdos\n|-unboost|p2a: Zapdos|accuracy|1\n|\n|upkeep\n|turn|10\n|\n|t:|1711945854\n|move|p2a: Zapdos|Thunderbolt|p1a: Tetanus\n|-supereffective|p1a: Tetanus\n|-damage|p1a: Tetanus|7\/100 par\n|move|p1a: Tetanus|Spikes|p2a: Zapdos\n|-sidestart|p2: mcspazz|Spikes\n|\n|-heal|p1a: Tetanus|13\/100 par|[from] item: Leftovers\n|upkeep\n|turn|11\n|\n|t:|1711945859\n|move|p2a: Zapdos|Thunderbolt|p1a: Tetanus\n|-supereffective|p1a: Tetanus\n|-damage|p1a: Tetanus|0 fnt\n|faint|p1a: Tetanus\n|\n|t:|1711945867\n|switch|p1a: Umbryo|Umbreon, M, shiny|100\/100\n|\n|upkeep\n|turn|12\n|\n|t:|1711945876\n|switch|p2a: Steelix|Steelix, F, shiny|100\/100\n|-damage|p2a: Steelix|84\/100|[from] Spikes\n|move|p1a: Umbryo|Substitute|p1a: Umbryo\n|-start|p1a: Umbryo|Substitute\n|-damage|p1a: Umbryo|76\/100\n|\n|-heal|p1a: Umbryo|82\/100|[from] item: Leftovers\n|-heal|p2a: Steelix|90\/100|[from] item: Leftovers\n|upkeep\n|turn|13\n|\n|t:|1711945883\n|move|p1a: Umbryo|Confuse Ray|p2a: Steelix\n|-start|p2a: Steelix|confusion\n|-activate|p2a: Steelix|confusion\n|move|p2a: Steelix|Roar|p1a: Umbryo\n|drag|p1a: Petrie|Aerodactyl, M|100\/100\n|\n|-heal|p2a: Steelix|96\/100|[from] item: Leftovers\n|upkeep\n|turn|14\n|\n|t:|1711945898\n|switch|p1a: X\u00eb\u0159\u0146\u00e6\u015f|Stantler, M, shiny|38\/100\n|-ability|p1a: X\u00eb\u0159\u0146\u00e6\u015f|Intimidate|boost\n|-unboost|p2a: Steelix|atk|1\n|-end|p2a: Steelix|confusion\n|move|p2a: Steelix|Hidden Power|p1a: X\u00eb\u0159\u0146\u00e6\u015f\n|-damage|p1a: X\u00eb\u0159\u0146\u00e6\u015f|28\/100\n|\n|-heal|p1a: X\u00eb\u0159\u0146\u00e6\u015f|34\/100|[from] item: Leftovers\n|-heal|p2a: Steelix|100\/100|[from] item: Leftovers\n|upkeep\n|turn|15\n|\n|t:|1711945904\n|move|p1a: X\u00eb\u0159\u0146\u00e6\u015f|Confuse Ray|p2a: Steelix\n|-start|p2a: Steelix|confusion\n|-activate|p2a: Steelix|confusion\n|-damage|p2a: Steelix|97\/100|[from] confusion\n|\n|-heal|p1a: X\u00eb\u0159\u0146\u00e6\u015f|40\/100|[from] item: Leftovers\n|-heal|p2a: Steelix|100\/100|[from] item: Leftovers\n|upkeep\n|turn|16\n|\n|t:|1711945908\n|move|p1a: X\u00eb\u0159\u0146\u00e6\u015f|Reflect|p1a: X\u00eb\u0159\u0146\u00e6\u015f\n|-sidestart|p1: Pewpiepie|Reflect\n|-activate|p2a: Steelix|confusion\n|move|p2a: Steelix|Earthquake|p1a: X\u00eb\u0159\u0146\u00e6\u015f\n|-damage|p1a: X\u00eb\u0159\u0146\u00e6\u015f|29\/100\n|\n|-heal|p1a: X\u00eb\u0159\u0146\u00e6\u015f|35\/100|[from] item: Leftovers\n|upkeep\n|turn|17\n|\n|t:|1711945916\n|switch|p2a: Zapdos|Zapdos|100\/100\n|move|p1a: X\u00eb\u0159\u0146\u00e6\u015f|Sand Attack|p2a: Zapdos\n|-unboost|p2a: Zapdos|accuracy|1\n|\n|-heal|p1a: X\u00eb\u0159\u0146\u00e6\u015f|41\/100|[from] item: Leftovers\n|upkeep\n|turn|18\n|\n|t:|1711945920\n|move|p2a: Zapdos|Thunder Wave|p1a: X\u00eb\u0159\u0146\u00e6\u015f\n|-status|p1a: X\u00eb\u0159\u0146\u00e6\u015f|par\n|move|p1a: X\u00eb\u0159\u0146\u00e6\u015f|Confuse Ray|p2a: Zapdos\n|-start|p2a: Zapdos|confusion\n|\n|-heal|p1a: X\u00eb\u0159\u0146\u00e6\u015f|47\/100 par|[from] item: Leftovers\n|upkeep\n|turn|19\n|\n|t:|1711945924\n|-activate|p2a: Zapdos|confusion\n|move|p2a: Zapdos|Thunderbolt|p1a: X\u00eb\u0159\u0146\u00e6\u015f\n|-damage|p1a: X\u00eb\u0159\u0146\u00e6\u015f|0 fnt\n|faint|p1a: X\u00eb\u0159\u0146\u00e6\u015f\n|c|\u2606mcspazz|what is going on\n|\n|t:|1711945928\n|switch|p1a: Umbryo|Umbreon, M, shiny|82\/100\n|\n|-heal|p1a: Umbryo|88\/100|[from] item: Leftovers\n|upkeep\n|turn|20\n|\n|t:|1711945932\n|switch|p2a: Steelix|Steelix, F, shiny|100\/100\n|-damage|p2a: Steelix|84\/100|[from] Spikes\n|move|p1a: Umbryo|Substitute|p1a: Umbryo\n|-start|p1a: Umbryo|Substitute\n|-damage|p1a: Umbryo|63\/100\n|\n|-sideend|p1: Pewpiepie|Reflect\n|-heal|p1a: Umbryo|69\/100|[from] item: Leftovers\n|-heal|p2a: Steelix|90\/100|[from] item: Leftovers\n|upkeep\n|turn|21\n|\n|t:|1711945934\n|move|p1a: Umbryo|Confuse Ray|p2a: Steelix\n|-start|p2a: Steelix|confusion\n|-activate|p2a: Steelix|confusion\n|-damage|p2a: Steelix|85\/100|[from] confusion\n|\n|-heal|p1a: Umbryo|75\/100|[from] item: Leftovers\n|-heal|p2a: Steelix|91\/100|[from] item: Leftovers\n|upkeep\n|turn|22\n|\n|t:|1711945937\n|move|p1a: Umbryo|Baton Pass|p1a: Umbryo\n|\n|t:|1711945939\n|switch|p1a: Vangoh fk urself|Smeargle, M, shiny|100\/100|[from] Baton Pass\n|-activate|p2a: Steelix|confusion\n|-damage|p2a: Steelix|86\/100|[from] confusion\n|\n|-heal|p2a: Steelix|92\/100|[from] item: Leftovers\n|upkeep\n|turn|23\n|\n|t:|1711945946\n|move|p1a: Vangoh fk urself|Taunt|p2a: Steelix\n|-start|p2a: Steelix|move: Taunt\n|-activate|p2a: Steelix|confusion\n|-damage|p2a: Steelix|86\/100|[from] confusion\n|\n|-heal|p2a: Steelix|93\/100|[from] item: Leftovers\n|upkeep\n|turn|24\n|\n|t:|1711945948\n|move|p1a: Vangoh fk urself|Belly Drum|p1a: Vangoh fk urself\n|-damage|p1a: Vangoh fk urself|51\/100\n|-setboost|p1a: Vangoh fk urself|atk|6|[from] move: Belly Drum\n|-activate|p2a: Steelix|confusion\n|move|p2a: Steelix|Earthquake|p1a: Vangoh fk urself\n|-end|p1a: Vangoh fk urself|Substitute\n|\n|-heal|p2a: Steelix|99\/100|[from] item: Leftovers\n|-end|p2a: Steelix|move: Taunt|[silent]\n|upkeep\n|turn|25\n|\n|t:|1711945955\n|move|p1a: Vangoh fk urself|Spore|p2a: Steelix\n|-status|p2a: Steelix|slp|[from] move: Spore\n|cant|p2a: Steelix|slp\n|\n|-heal|p2a: Steelix|100\/100 slp|[from] item: Leftovers\n|upkeep\n|turn|26\n|\n|t:|1711945962\n|move|p1a: Vangoh fk urself|Baton Pass|p1a: Vangoh fk urself\n|\n|t:|1711945964\n|switch|p1a: Petrie|Aerodactyl, M|100\/100|[from] Baton Pass\n|cant|p2a: Steelix|slp\n|\n|upkeep\n|turn|27\n|\n|t:|1711945977\n|move|p1a: Petrie|Substitute|p1a: Petrie\n|-start|p1a: Petrie|Substitute\n|-damage|p1a: Petrie|76\/100\n|cant|p2a: Steelix|slp\n|\n|upkeep\n|turn|28\n|\n|t:|1711945981\n|move|p1a: Petrie|Earthquake|p2a: Steelix\n|-supereffective|p2a: Steelix\n|-damage|p2a: Steelix|0 fnt\n|faint|p2a: Steelix\n|\n|t:|1711945986\n|switch|p2a: Sceptile|Sceptile, F, shiny|100\/100\n|-damage|p2a: Sceptile|84\/100|[from] Spikes\n|\n|-heal|p2a: Sceptile|90\/100|[from] item: Leftovers\n|upkeep\n|turn|29\n|\n|t:|1711945989\n|move|p1a: Petrie|Double-Edge|p2a: Sceptile\n|-damage|p2a: Sceptile|0 fnt\n|faint|p2a: Sceptile\n|\n|t:|1711945993\n|switch|p2a: Zapdos|Zapdos|100\/100\n|\n|upkeep\n|turn|30\n|\n|t:|1711945998\n|move|p1a: Petrie|Double-Edge|p2a: Zapdos\n|-damage|p2a: Zapdos|0 fnt\n|faint|p2a: Zapdos\n|c|\u2606mcspazz|i see nice cheese i guess\n|\n|t:|1711946004\n|switch|p2a: Suicune|Suicune, shiny|100\/100\n|-damage|p2a: Suicune|84\/100|[from] Spikes\n|\n|-heal|p2a: Suicune|90\/100|[from] item: Leftovers\n|upkeep\n|turn|31\n|-message|mcspazz forfeited.\n|\n|win|Pewpiepie\n|raw|Pewpiepie's rating: 1505 &rarr; <strong>1521<\/strong><br \/>(+16 for winning)\n|raw|mcspazz's rating: 1433 &rarr; <strong>1417<\/strong><br \/>(-16 for losing)\n|l|\u2606mcspazz\n|player|p2|\n|c|\u2606Pewpiepie|Gg\n","uploadtime":1711946044,"views":0,"formatid":"gen3ou","rating":1417,"private":0,"password":null}