{"id":"gen3ou-2093341128","format":"[Gen 3] OU","players":["Very Orange Cat","Relampagos"],"log":"|j|\u2606Very Orange Cat\n|j|\u2606Relampagos\n|t:|1711941621\n|gametype|singles\n|player|p1|Very Orange Cat|clerkf|1519\n|player|p2|Relampagos|psychic-gen4|1403\n|teamsize|p1|6\n|teamsize|p2|6\n|gen|3\n|tier|[Gen 3] OU\n|rated|\n|rule|Sleep Clause Mod: Limit one foe put to sleep\n|rule|Switch Priority Clause Mod: Faster Pok\u00e9mon switch first\n|rule|Species Clause: Limit one of each Pok\u00e9mon\n|rule|OHKO Clause: OHKO moves are banned\n|rule|Evasion Items Clause: Evasion items are banned\n|rule|Evasion Moves Clause: Evasion moves are banned\n|rule|Endless Battle Clause: Forcing endless battles is banned\n|rule|HP Percentage Mod: HP is shown in percentages\n|rule|One Boost Passer Clause: Limit one Baton Passer that has a way to boost its stats\n|rule|Freeze Clause Mod: Limit one foe frozen\n|\n|t:|1711941621\n|start\n|switch|p1a: Skarmory|Skarmory, M|100\/100\n|switch|p2a: Zapdos|Zapdos|100\/100\n|turn|1\n|inactive|Battle timer is ON: inactive players will automatically lose when time's up. (requested by Relampagos)\n|\n|t:|1711941636\n|switch|p1a: Venusaur|Venusaur, F|100\/100\n|move|p2a: Zapdos|Baton Pass|p2a: Zapdos\n|j| Dastardlydwarf\n|\n|t:|1711941654\n|switch|p2a: Aerodactyl|Aerodactyl, F|100\/100|[from] Baton Pass\n|\n|upkeep\n|turn|2\n|j| Tail Glow Zard\n|j| aeonfa\n|\n|t:|1711941669\n|switch|p1a: Donphan|Donphan, M|100\/100\n|move|p2a: Aerodactyl|Hidden Power|p1a: Donphan\n|-crit|p1a: Donphan\n|-damage|p1a: Donphan|52\/100\n|\n|-heal|p1a: Donphan|58\/100|[from] item: Leftovers\n|upkeep\n|turn|3\n|\n|t:|1711941682\n|switch|p2a: Celebi|Celebi|100\/100\n|move|p1a: Donphan|Rock Slide|p2a: Celebi\n|-crit|p2a: Celebi\n|-damage|p2a: Celebi|66\/100\n|\n|-heal|p2a: Celebi|72\/100|[from] item: Leftovers\n|-heal|p1a: Donphan|65\/100|[from] item: Leftovers\n|upkeep\n|turn|4\n|\n|t:|1711941701\n|switch|p1a: Skarmory|Skarmory, M|100\/100\n|move|p2a: Celebi|Leech Seed|p1a: Skarmory|[miss]\n|-miss|p2a: Celebi|p1a: Skarmory\n|\n|-heal|p2a: Celebi|78\/100|[from] item: Leftovers\n|upkeep\n|turn|5\n|\n|t:|1711941704\n|move|p2a: Celebi|Baton Pass|p2a: Celebi\n|\n|t:|1711941706\n|switch|p2a: Magneton|Magneton|100\/100|[from] Baton Pass\n|move|p1a: Skarmory|Spikes|p2a: Magneton\n|-sidestart|p2: Relampagos|Spikes\n|\n|upkeep\n|turn|6\n|\n|t:|1711941712\n|move|p2a: Magneton|Thunderbolt|p1a: Skarmory\n|-supereffective|p1a: Skarmory\n|-damage|p1a: Skarmory|0 fnt\n|faint|p1a: Skarmory\n|\n|t:|1711941728\n|switch|p1a: Venusaur|Venusaur, F|100\/100\n|\n|upkeep\n|turn|7\n|\n|t:|1711941742\n|move|p2a: Magneton|Thunder Wave|p1a: Venusaur\n|-status|p1a: Venusaur|par\n|move|p1a: Venusaur|Earthquake|p2a: Magneton\n|-supereffective|p2a: Magneton\n|-crit|p2a: Magneton\n|-damage|p2a: Magneton|0 fnt\n|faint|p2a: Magneton\n|\n|t:|1711941761\n|switch|p2a: Metagross|Metagross|100\/100\n|-damage|p2a: Metagross|88\/100|[from] Spikes\n|\n|upkeep\n|turn|8\n|\n|t:|1711941771\n|switch|p1a: Milotic|Milotic, M|100\/100\n|move|p2a: Metagross|Meteor Mash|p1a: Milotic\n|-resisted|p1a: Milotic\n|-damage|p1a: Milotic|70\/100\n|\n|-heal|p1a: Milotic|76\/100|[from] item: Leftovers\n|upkeep\n|turn|9\n|\n|t:|1711941791\n|switch|p2a: Zapdos|Zapdos|100\/100\n|move|p1a: Milotic|Dragon Breath|p2a: Zapdos\n|-damage|p2a: Zapdos|85\/100\n|-status|p2a: Zapdos|par\n|\n|-heal|p1a: Milotic|82\/100|[from] item: Leftovers\n|-heal|p2a: Zapdos|91\/100 par|[from] item: Leftovers\n|upkeep\n|turn|10\n|\n|t:|1711941809\n|switch|p1a: Venusaur|Venusaur, F|100\/100 par\n|move|p2a: Zapdos|Hidden Power|p1a: Venusaur\n|-resisted|p1a: Venusaur\n|-damage|p1a: Venusaur|97\/100 par\n|\n|-heal|p2a: Zapdos|97\/100 par|[from] item: Leftovers\n|-heal|p1a: Venusaur|100\/100 par|[from] item: Leftovers\n|upkeep\n|turn|11\n|\n|t:|1711941822\n|move|p2a: Zapdos|Baton Pass|p2a: Zapdos\n|\n|t:|1711941828\n|switch|p2a: Celebi|Celebi|78\/100|[from] Baton Pass\n|-damage|p2a: Celebi|66\/100|[from] Spikes\n|move|p1a: Venusaur|Curse|p1a: Venusaur\n|-unboost|p1a: Venusaur|spe|1\n|-boost|p1a: Venusaur|atk|1\n|-boost|p1a: Venusaur|def|1\n|\n|-heal|p2a: Celebi|72\/100|[from] item: Leftovers\n|upkeep\n|turn|12\n|\n|t:|1711941836\n|move|p2a: Celebi|Baton Pass|p2a: Celebi\n|\n|t:|1711941845\n|switch|p2a: Metagross|Metagross|88\/100|[from] Baton Pass\n|-damage|p2a: Metagross|76\/100|[from] Spikes\n|move|p1a: Venusaur|Sludge Bomb|p2a: Metagross\n|-immune|p2a: Metagross\n|\n|upkeep\n|turn|13\n|\n|t:|1711941852\n|switch|p1a: Magneton|Magneton|100\/100\n|move|p2a: Metagross|Explosion|p1a: Magneton\n|-resisted|p1a: Magneton\n|-damage|p1a: Magneton|0 fnt\n|faint|p2a: Metagross\n|faint|p1a: Magneton\n|\n|t:|1711941864\n|switch|p1a: Donphan|Donphan, M|65\/100\n|switch|p2a: Snorlax|Snorlax, F|100\/100\n|-damage|p2a: Snorlax|88\/100|[from] Spikes\n|\n|-heal|p1a: Donphan|71\/100|[from] item: Leftovers\n|-heal|p2a: Snorlax|94\/100|[from] item: Leftovers\n|upkeep\n|turn|14\n|\n|t:|1711941881\n|switch|p2a: Zapdos|Zapdos|97\/100 par\n|move|p1a: Donphan|Earthquake|p2a: Zapdos\n|-immune|p2a: Zapdos\n|\n|-heal|p1a: Donphan|77\/100|[from] item: Leftovers\n|-heal|p2a: Zapdos|100\/100 par|[from] item: Leftovers\n|upkeep\n|turn|15\n|\n|t:|1711941888\n|switch|p1a: Venusaur|Venusaur, F|100\/100 par\n|cant|p2a: Zapdos|par\n|\n|upkeep\n|turn|16\n|\n|t:|1711941901\n|move|p2a: Zapdos|Baton Pass|p2a: Zapdos\n|\n|t:|1711941909\n|switch|p2a: Snorlax|Snorlax, F|94\/100|[from] Baton Pass\n|-damage|p2a: Snorlax|82\/100|[from] Spikes\n|move|p1a: Venusaur|Curse|p1a: Venusaur\n|-unboost|p1a: Venusaur|spe|1\n|-boost|p1a: Venusaur|atk|1\n|-boost|p1a: Venusaur|def|1\n|\n|-heal|p2a: Snorlax|88\/100|[from] item: Leftovers\n|upkeep\n|turn|17\n|\n|t:|1711941913\n|move|p2a: Snorlax|Self-Destruct|p1a: Venusaur\n|-damage|p1a: Venusaur|0 fnt\n|faint|p2a: Snorlax\n|faint|p1a: Venusaur\n|\n|t:|1711941922\n|switch|p1a: Donphan|Donphan, M|77\/100\n|switch|p2a: Celebi|Celebi|72\/100\n|-damage|p2a: Celebi|59\/100|[from] Spikes\n|\n|-heal|p2a: Celebi|66\/100|[from] item: Leftovers\n|-heal|p1a: Donphan|83\/100|[from] item: Leftovers\n|upkeep\n|turn|18\n|\n|t:|1711941929\n|switch|p1a: Umbreon|Umbreon, F|100\/100\n|move|p2a: Celebi|Swords Dance|p2a: Celebi\n|-boost|p2a: Celebi|atk|2\n|\n|-heal|p2a: Celebi|72\/100|[from] item: Leftovers\n|upkeep\n|turn|19\n|\n|t:|1711941936\n|move|p2a: Celebi|Leech Seed|p1a: Umbreon\n|-start|p1a: Umbreon|move: Leech Seed\n|move|p1a: Umbreon|Toxic|p2a: Celebi\n|-status|p2a: Celebi|tox\n|\n|-heal|p2a: Celebi|78\/100 tox|[from] item: Leftovers\n|-damage|p2a: Celebi|72\/100 tox|[from] psn\n|-damage|p1a: Umbreon|88\/100|[from] Leech Seed|[of] p2a: Celebi\n|-heal|p2a: Celebi|84\/100 tox|[silent]\n|upkeep\n|turn|20\n|\n|t:|1711941957\n|switch|p1a: Donphan|Donphan, M|83\/100\n|move|p2a: Celebi|Baton Pass|p2a: Celebi\n|\n|t:|1711941960\n|-curestatus|p2a: Celebi|tox|[from] ability: Natural Cure\n|switch|p2a: Aerodactyl|Aerodactyl, F|100\/100|[from] Baton Pass\n|\n|-heal|p1a: Donphan|89\/100|[from] item: Leftovers\n|upkeep\n|turn|21\n|inactive|Relampagos has 120 seconds left.\n|\n|t:|1711941997\n|move|p2a: Aerodactyl|Hidden Power|p1a: Donphan\n|-damage|p1a: Donphan|39\/100\n|move|p1a: Donphan|Rock Slide|p2a: Aerodactyl\n|-supereffective|p2a: Aerodactyl\n|-damage|p2a: Aerodactyl|7\/100\n|\n|-enditem|p2a: Aerodactyl|Liechi Berry|[eat]\n|-boost|p2a: Aerodactyl|atk|1|[from] item: Liechi Berry\n|-heal|p1a: Donphan|45\/100|[from] item: Leftovers\n|upkeep\n|turn|22\n|\n|t:|1711942009\n|move|p2a: Aerodactyl|Hidden Power|p1a: Donphan\n|-damage|p1a: Donphan|0 fnt\n|faint|p1a: Donphan\n|\n|t:|1711942012\n|switch|p1a: Milotic|Milotic, M|82\/100\n|\n|-heal|p1a: Milotic|88\/100|[from] item: Leftovers\n|upkeep\n|turn|23\n|inactive|Relampagos has 120 seconds left.\n|\n|t:|1711942022\n|move|p2a: Aerodactyl|Rock Slide|p1a: Milotic\n|-damage|p1a: Milotic|28\/100\n|move|p1a: Milotic|Surf|p2a: Aerodactyl\n|-supereffective|p2a: Aerodactyl\n|-damage|p2a: Aerodactyl|0 fnt\n|faint|p2a: Aerodactyl\n|inactive|Relampagos has 120 seconds left.\n|\n|t:|1711942028\n|switch|p2a: Zapdos|Zapdos|100\/100 par\n|\n|-heal|p1a: Milotic|34\/100|[from] item: Leftovers\n|upkeep\n|turn|24\n|\n|t:|1711942035\n|move|p1a: Milotic|Recover|p1a: Milotic\n|-heal|p1a: Milotic|84\/100\n|move|p2a: Zapdos|Thunderbolt|p1a: Milotic\n|-supereffective|p1a: Milotic\n|-damage|p1a: Milotic|12\/100\n|\n|-heal|p1a: Milotic|18\/100|[from] item: Leftovers\n|upkeep\n|turn|25\n|\n|t:|1711942048\n|switch|p1a: Umbreon|Umbreon, F|88\/100\n|move|p2a: Zapdos|Thunderbolt|p1a: Umbreon\n|-damage|p1a: Umbreon|58\/100\n|\n|-heal|p1a: Umbreon|64\/100|[from] item: Leftovers\n|upkeep\n|turn|26\n|\n|t:|1711942059\n|move|p1a: Umbreon|Protect|p1a: Umbreon\n|-singleturn|p1a: Umbreon|Protect\n|move|p2a: Zapdos|Thunderbolt|p1a: Umbreon\n|-activate|p1a: Umbreon|Protect\n|\n|-heal|p1a: Umbreon|70\/100|[from] item: Leftovers\n|upkeep\n|turn|27\n|\n|t:|1711942067\n|move|p1a: Umbreon|Wish|p1a: Umbreon\n|move|p2a: Zapdos|Thunderbolt|p1a: Umbreon\n|-damage|p1a: Umbreon|41\/100\n|\n|-heal|p1a: Umbreon|47\/100|[from] item: Leftovers\n|upkeep\n|turn|28\n|\n|t:|1711942070\n|move|p1a: Umbreon|Protect|p1a: Umbreon\n|-singleturn|p1a: Umbreon|Protect\n|move|p2a: Zapdos|Baton Pass|p2a: Zapdos\n|\n|t:|1711942072\n|switch|p2a: Celebi|Celebi|84\/100|[from] Baton Pass\n|-damage|p2a: Celebi|72\/100|[from] Spikes\n|\n|-heal|p1a: Umbreon|97\/100|[from] move: Wish|[wisher] Umbreon\n|-heal|p2a: Celebi|78\/100|[from] item: Leftovers\n|-heal|p1a: Umbreon|100\/100|[from] item: Leftovers\n|upkeep\n|turn|29\n|\n|t:|1711942077\n|switch|p1a: Milotic|Milotic, M|18\/100\n|move|p2a: Celebi|Leech Seed|p1a: Milotic\n|-start|p1a: Milotic|move: Leech Seed\n|\n|-heal|p2a: Celebi|84\/100|[from] item: Leftovers\n|-heal|p1a: Milotic|24\/100|[from] item: Leftovers\n|-damage|p1a: Milotic|11\/100|[from] Leech Seed|[of] p2a: Celebi\n|-heal|p2a: Celebi|96\/100|[silent]\n|upkeep\n|turn|30\n|\n|t:|1711942087\n|move|p2a: Celebi|Baton Pass|p2a: Celebi\n|\n|t:|1711942089\n|switch|p2a: Zapdos|Zapdos|100\/100 par|[from] Baton Pass\n|move|p1a: Milotic|Recover|p1a: Milotic\n|-heal|p1a: Milotic|61\/100\n|\n|-heal|p1a: Milotic|68\/100|[from] item: Leftovers\n|-damage|p1a: Milotic|55\/100|[from] Leech Seed|[of] p2a: Zapdos\n|upkeep\n|turn|31\n|\n|t:|1711942095\n|switch|p1a: Umbreon|Umbreon, F|100\/100\n|cant|p2a: Zapdos|par\n|\n|upkeep\n|turn|32\n|\n|t:|1711942103\n|move|p1a: Umbreon|Pursuit|p2a: Zapdos\n|-damage|p2a: Zapdos|87\/100 par\n|move|p2a: Zapdos|Hidden Power|p1a: Umbreon\n|-damage|p1a: Umbreon|87\/100\n|\n|-heal|p1a: Umbreon|93\/100|[from] item: Leftovers\n|-heal|p2a: Zapdos|94\/100 par|[from] item: Leftovers\n|upkeep\n|turn|33\n|\n|t:|1711942107\n|move|p1a: Umbreon|Pursuit|p2a: Zapdos\n|-damage|p2a: Zapdos|80\/100 par\n|move|p2a: Zapdos|Thunderbolt|p1a: Umbreon\n|-damage|p1a: Umbreon|64\/100\n|\n|-heal|p1a: Umbreon|70\/100|[from] item: Leftovers\n|-heal|p2a: Zapdos|86\/100 par|[from] item: Leftovers\n|upkeep\n|turn|34\n|\n|t:|1711942116\n|move|p1a: Umbreon|Wish|p1a: Umbreon\n|move|p2a: Zapdos|Thunderbolt|p1a: Umbreon\n|-damage|p1a: Umbreon|42\/100\n|\n|-heal|p1a: Umbreon|48\/100|[from] item: Leftovers\n|-heal|p2a: Zapdos|92\/100 par|[from] item: Leftovers\n|upkeep\n|turn|35\n|\n|t:|1711942122\n|move|p1a: Umbreon|Protect|p1a: Umbreon\n|-singleturn|p1a: Umbreon|Protect\n|move|p2a: Zapdos|Substitute|p2a: Zapdos\n|-start|p2a: Zapdos|Substitute\n|-damage|p2a: Zapdos|67\/100 par\n|\n|-heal|p1a: Umbreon|98\/100|[from] move: Wish|[wisher] Umbreon\n|-heal|p1a: Umbreon|100\/100|[from] item: Leftovers\n|-heal|p2a: Zapdos|73\/100 par|[from] item: Leftovers\n|upkeep\n|turn|36\n|\n|t:|1711942126\n|move|p1a: Umbreon|Pursuit|p2a: Zapdos\n|-activate|p2a: Zapdos|Substitute|[damage]\n|move|p2a: Zapdos|Thunderbolt|p1a: Umbreon\n|-damage|p1a: Umbreon|69\/100\n|\n|-heal|p1a: Umbreon|75\/100|[from] item: Leftovers\n|-heal|p2a: Zapdos|80\/100 par|[from] item: Leftovers\n|upkeep\n|turn|37\n|\n|t:|1711942132\n|move|p1a: Umbreon|Wish|p1a: Umbreon\n|cant|p2a: Zapdos|par\n|\n|-heal|p1a: Umbreon|81\/100|[from] item: Leftovers\n|-heal|p2a: Zapdos|86\/100 par|[from] item: Leftovers\n|upkeep\n|turn|38\n|\n|t:|1711942135\n|move|p1a: Umbreon|Pursuit|p2a: Zapdos\n|-end|p2a: Zapdos|Substitute\n|move|p2a: Zapdos|Hidden Power|p1a: Umbreon\n|-damage|p1a: Umbreon|68\/100\n|\n|-heal|p1a: Umbreon|100\/100|[from] move: Wish|[wisher] Umbreon\n|-heal|p2a: Zapdos|92\/100 par|[from] item: Leftovers\n|upkeep\n|turn|39\n|\n|t:|1711942140\n|move|p1a: Umbreon|Pursuit|p2a: Zapdos\n|-damage|p2a: Zapdos|80\/100 par\n|move|p2a: Zapdos|Substitute|p2a: Zapdos\n|-start|p2a: Zapdos|Substitute\n|-damage|p2a: Zapdos|55\/100 par\n|\n|-heal|p2a: Zapdos|61\/100 par|[from] item: Leftovers\n|upkeep\n|turn|40\n|\n|t:|1711942145\n|move|p1a: Umbreon|Pursuit|p2a: Zapdos\n|-activate|p2a: Zapdos|Substitute|[damage]\n|cant|p2a: Zapdos|par\n|\n|-heal|p2a: Zapdos|67\/100 par|[from] item: Leftovers\n|upkeep\n|turn|41\n|\n|t:|1711942151\n|move|p1a: Umbreon|Pursuit|p2a: Zapdos\n|-end|p2a: Zapdos|Substitute\n|move|p2a: Zapdos|Thunderbolt|p1a: Umbreon\n|-crit|p1a: Umbreon\n|-damage|p1a: Umbreon|40\/100\n|\n|-heal|p1a: Umbreon|46\/100|[from] item: Leftovers\n|-heal|p2a: Zapdos|73\/100 par|[from] item: Leftovers\n|upkeep\n|turn|42\n|\n|t:|1711942159\n|move|p1a: Umbreon|Wish|p1a: Umbreon\n|move|p2a: Zapdos|Substitute|p2a: Zapdos\n|-start|p2a: Zapdos|Substitute\n|-damage|p2a: Zapdos|49\/100 par\n|\n|-heal|p1a: Umbreon|52\/100|[from] item: Leftovers\n|-heal|p2a: Zapdos|55\/100 par|[from] item: Leftovers\n|upkeep\n|turn|43\n|\n|t:|1711942165\n|move|p1a: Umbreon|Protect|p1a: Umbreon\n|-singleturn|p1a: Umbreon|Protect\n|move|p2a: Zapdos|Hidden Power|p1a: Umbreon\n|-activate|p1a: Umbreon|Protect\n|\n|-heal|p1a: Umbreon|100\/100|[from] move: Wish|[wisher] Umbreon\n|-heal|p2a: Zapdos|61\/100 par|[from] item: Leftovers\n|upkeep\n|turn|44\n|\n|t:|1711942169\n|move|p1a: Umbreon|Pursuit|p2a: Zapdos\n|-activate|p2a: Zapdos|Substitute|[damage]\n|move|p2a: Zapdos|Thunderbolt|p1a: Umbreon\n|-damage|p1a: Umbreon|71\/100\n|-status|p1a: Umbreon|par\n|\n|-heal|p2a: Zapdos|67\/100 par|[from] item: Leftovers\n|-heal|p1a: Umbreon|77\/100 par|[from] item: Leftovers\n|upkeep\n|turn|45\n|\n|t:|1711942179\n|cant|p2a: Zapdos|par\n|move|p1a: Umbreon|Wish|p1a: Umbreon\n|\n|-heal|p2a: Zapdos|73\/100 par|[from] item: Leftovers\n|-heal|p1a: Umbreon|83\/100 par|[from] item: Leftovers\n|upkeep\n|turn|46\n|\n|t:|1711942185\n|move|p2a: Zapdos|Hidden Power|p1a: Umbreon\n|-damage|p1a: Umbreon|68\/100 par\n|move|p1a: Umbreon|Pursuit|p2a: Zapdos\n|-end|p2a: Zapdos|Substitute\n|\n|-heal|p1a: Umbreon|100\/100 par|[from] move: Wish|[wisher] Umbreon\n|-heal|p2a: Zapdos|80\/100 par|[from] item: Leftovers\n|upkeep\n|turn|47\n|l| Dastardlydwarf\n|\n|t:|1711942195\n|move|p2a: Zapdos|Substitute|p2a: Zapdos\n|-start|p2a: Zapdos|Substitute\n|-damage|p2a: Zapdos|55\/100 par\n|cant|p1a: Umbreon|par\n|\n|-heal|p2a: Zapdos|61\/100 par|[from] item: Leftovers\n|upkeep\n|turn|48\n|\n|t:|1711942201\n|move|p2a: Zapdos|Hidden Power|p1a: Umbreon\n|-damage|p1a: Umbreon|86\/100 par\n|move|p1a: Umbreon|Pursuit|p2a: Zapdos\n|-activate|p2a: Zapdos|Substitute|[damage]\n|\n|-heal|p2a: Zapdos|67\/100 par|[from] item: Leftovers\n|-heal|p1a: Umbreon|92\/100 par|[from] item: Leftovers\n|upkeep\n|turn|49\n|\n|t:|1711942207\n|move|p2a: Zapdos|Hidden Power|p1a: Umbreon\n|-crit|p1a: Umbreon\n|-damage|p1a: Umbreon|62\/100 par\n|cant|p1a: Umbreon|par\n|\n|-heal|p2a: Zapdos|73\/100 par|[from] item: Leftovers\n|-heal|p1a: Umbreon|68\/100 par|[from] item: Leftovers\n|upkeep\n|turn|50\n|\n|t:|1711942209\n|move|p2a: Zapdos|Hidden Power|p1a: Umbreon\n|-damage|p1a: Umbreon|55\/100 par\n|move|p1a: Umbreon|Wish|p1a: Umbreon\n|\n|-heal|p2a: Zapdos|80\/100 par|[from] item: Leftovers\n|-heal|p1a: Umbreon|61\/100 par|[from] item: Leftovers\n|upkeep\n|turn|51\n|j| Dastardlydwarf\n|\n|t:|1711942214\n|move|p2a: Zapdos|Hidden Power|p1a: Umbreon\n|-damage|p1a: Umbreon|47\/100 par\n|move|p1a: Umbreon|Pursuit|p2a: Zapdos\n|-activate|p2a: Zapdos|Substitute|[damage]\n|\n|-heal|p1a: Umbreon|97\/100 par|[from] move: Wish|[wisher] Umbreon\n|-heal|p2a: Zapdos|86\/100 par|[from] item: Leftovers\n|-heal|p1a: Umbreon|100\/100 par|[from] item: Leftovers\n|upkeep\n|turn|52\n|\n|t:|1711942218\n|move|p2a: Zapdos|Hidden Power|p1a: Umbreon\n|-damage|p1a: Umbreon|86\/100 par\n|move|p1a: Umbreon|Pursuit|p2a: Zapdos\n|-crit|p2a: Zapdos\n|-end|p2a: Zapdos|Substitute\n|\n|-heal|p2a: Zapdos|92\/100 par|[from] item: Leftovers\n|-heal|p1a: Umbreon|92\/100 par|[from] item: Leftovers\n|upkeep\n|turn|53\n|\n|t:|1711942221\n|move|p2a: Zapdos|Hidden Power|p1a: Umbreon\n|-damage|p1a: Umbreon|79\/100 par\n|move|p1a: Umbreon|Pursuit|p2a: Zapdos\n|-damage|p2a: Zapdos|78\/100 par\n|\n|-heal|p2a: Zapdos|85\/100 par|[from] item: Leftovers\n|-heal|p1a: Umbreon|85\/100 par|[from] item: Leftovers\n|upkeep\n|turn|54\n|\n|t:|1711942231\n|move|p2a: Zapdos|Hidden Power|p1a: Umbreon\n|-damage|p1a: Umbreon|72\/100 par\n|move|p1a: Umbreon|Pursuit|p2a: Zapdos\n|-crit|p2a: Zapdos\n|-damage|p2a: Zapdos|59\/100 par\n|\n|-heal|p2a: Zapdos|65\/100 par|[from] item: Leftovers\n|-heal|p1a: Umbreon|78\/100 par|[from] item: Leftovers\n|upkeep\n|turn|55\n|\n|t:|1711942241\n|cant|p2a: Zapdos|par\n|move|p1a: Umbreon|Pursuit|p2a: Zapdos\n|-damage|p2a: Zapdos|53\/100 par\n|\n|-heal|p2a: Zapdos|59\/100 par|[from] item: Leftovers\n|-heal|p1a: Umbreon|84\/100 par|[from] item: Leftovers\n|upkeep\n|turn|56\n|\n|t:|1711942244\n|move|p2a: Zapdos|Thunderbolt|p1a: Umbreon\n|-damage|p1a: Umbreon|53\/100 par\n|move|p1a: Umbreon|Pursuit|p2a: Zapdos\n|-damage|p2a: Zapdos|47\/100 par\n|\n|-heal|p2a: Zapdos|53\/100 par|[from] item: Leftovers\n|-heal|p1a: Umbreon|59\/100 par|[from] item: Leftovers\n|upkeep\n|turn|57\n|\n|t:|1711942253\n|cant|p2a: Zapdos|par\n|move|p1a: Umbreon|Wish|p1a: Umbreon\n|\n|-heal|p2a: Zapdos|59\/100 par|[from] item: Leftovers\n|-heal|p1a: Umbreon|65\/100 par|[from] item: Leftovers\n|upkeep\n|turn|58\n|\n|t:|1711942258\n|cant|p2a: Zapdos|par\n|move|p1a: Umbreon|Toxic||[still]\n|-fail|p1a: Umbreon\n|\n|-heal|p1a: Umbreon|100\/100 par|[from] move: Wish|[wisher] Umbreon\n|-heal|p2a: Zapdos|65\/100 par|[from] item: Leftovers\n|upkeep\n|turn|59\n|\n|t:|1711942261\n|move|p2a: Zapdos|Substitute|p2a: Zapdos\n|-start|p2a: Zapdos|Substitute\n|-damage|p2a: Zapdos|41\/100 par\n|cant|p1a: Umbreon|par\n|\n|-heal|p2a: Zapdos|47\/100 par|[from] item: Leftovers\n|upkeep\n|turn|60\n|l| aeonfa\n|\n|t:|1711942269\n|move|p2a: Zapdos|Hidden Power|p1a: Umbreon\n|-damage|p1a: Umbreon|87\/100 par\n|move|p1a: Umbreon|Toxic||[still]\n|-fail|p1a: Umbreon\n|\n|-heal|p2a: Zapdos|53\/100 par|[from] item: Leftovers\n|-heal|p1a: Umbreon|93\/100 par|[from] item: Leftovers\n|upkeep\n|turn|61\n|\n|t:|1711942272\n|switch|p1a: Milotic|Milotic, M|55\/100\n|move|p2a: Zapdos|Hidden Power|p1a: Milotic\n|-supereffective|p1a: Milotic\n|-damage|p1a: Milotic|23\/100\n|\n|-heal|p1a: Milotic|29\/100|[from] item: Leftovers\n|-heal|p2a: Zapdos|59\/100 par|[from] item: Leftovers\n|upkeep\n|turn|62\n|\n|t:|1711942278\n|move|p1a: Milotic|Recover|p1a: Milotic\n|-heal|p1a: Milotic|79\/100\n|move|p2a: Zapdos|Thunderbolt|p1a: Milotic\n|-supereffective|p1a: Milotic\n|-damage|p1a: Milotic|5\/100\n|\n|-heal|p1a: Milotic|11\/100|[from] item: Leftovers\n|-heal|p2a: Zapdos|65\/100 par|[from] item: Leftovers\n|upkeep\n|turn|63\n|\n|t:|1711942285\n|switch|p1a: Umbreon|Umbreon, F|93\/100 par\n|move|p2a: Zapdos|Thunderbolt|p1a: Umbreon\n|-damage|p1a: Umbreon|66\/100 par\n|\n|-heal|p2a: Zapdos|72\/100 par|[from] item: Leftovers\n|-heal|p1a: Umbreon|72\/100 par|[from] item: Leftovers\n|upkeep\n|turn|64\n|\n|t:|1711942290\n|move|p2a: Zapdos|Hidden Power|p1a: Umbreon\n|-damage|p1a: Umbreon|59\/100 par\n|cant|p1a: Umbreon|par\n|\n|-heal|p2a: Zapdos|78\/100 par|[from] item: Leftovers\n|-heal|p1a: Umbreon|65\/100 par|[from] item: Leftovers\n|upkeep\n|turn|65\n|l| Dastardlydwarf\n|\n|t:|1711942297\n|cant|p2a: Zapdos|par\n|move|p1a: Umbreon|Toxic||[still]\n|-fail|p1a: Umbreon\n|\n|-heal|p2a: Zapdos|84\/100 par|[from] item: Leftovers\n|-heal|p1a: Umbreon|71\/100 par|[from] item: Leftovers\n|upkeep\n|turn|66\n|\n|t:|1711942301\n|move|p2a: Zapdos|Baton Pass|p2a: Zapdos\n|\n|t:|1711942302\n|switch|p2a: Celebi|Celebi|96\/100|[from] Baton Pass\n|-damage|p2a: Celebi|84\/100|[from] Spikes\n|move|p1a: Umbreon|Wish|p1a: Umbreon\n|\n|-heal|p2a: Celebi|90\/100|[from] item: Leftovers\n|-heal|p1a: Umbreon|77\/100 par|[from] item: Leftovers\n|upkeep\n|turn|67\n|\n|t:|1711942305\n|switch|p1a: Milotic|Milotic, M|11\/100\n|move|p2a: Celebi|Leech Seed|p1a: Milotic\n|-start|p1a: Milotic|move: Leech Seed\n|\n|-heal|p1a: Milotic|61\/100|[from] move: Wish|[wisher] Umbreon\n|-heal|p2a: Celebi|96\/100|[from] item: Leftovers\n|-heal|p1a: Milotic|67\/100|[from] item: Leftovers\n|-damage|p1a: Milotic|55\/100|[from] Leech Seed|[of] p2a: Celebi\n|-heal|p2a: Celebi|100\/100|[silent]\n|upkeep\n|turn|68\n|\n|t:|1711942312\n|move|p2a: Celebi|Swords Dance|p2a: Celebi\n|-boost|p2a: Celebi|atk|2\n|move|p1a: Milotic|Recover|p1a: Milotic\n|-heal|p1a: Milotic|100\/100\n|\n|-damage|p1a: Milotic|88\/100|[from] Leech Seed|[of] p2a: Celebi\n|upkeep\n|turn|69\n|\n|t:|1711942316\n|switch|p1a: Umbreon|Umbreon, F|77\/100 par\n|move|p2a: Celebi|Swords Dance|p2a: Celebi\n|-boost|p2a: Celebi|atk|2\n|\n|-heal|p1a: Umbreon|83\/100 par|[from] item: Leftovers\n|upkeep\n|turn|70\n|\n|t:|1711942320\n|switch|p1a: Milotic|Milotic, M|88\/100\n|move|p2a: Celebi|Swords Dance|p2a: Celebi\n|-boost|p2a: Celebi|atk|2\n|\n|-heal|p1a: Milotic|94\/100|[from] item: Leftovers\n|upkeep\n|turn|71\n|\n|t:|1711942326\n|switch|p1a: Umbreon|Umbreon, F|83\/100 par\n|move|p2a: Celebi|Leech Seed|p1a: Umbreon|[miss]\n|-miss|p2a: Celebi|p1a: Umbreon\n|\n|-heal|p1a: Umbreon|89\/100 par|[from] item: Leftovers\n|upkeep\n|turn|72\n|\n|t:|1711942329\n|switch|p1a: Milotic|Milotic, M|94\/100\n|move|p2a: Celebi|Baton Pass|p2a: Celebi\n|\n|t:|1711942331\n|switch|p2a: Zapdos|Zapdos|84\/100 par|[from] Baton Pass\n|\n|-heal|p1a: Milotic|99\/100|[from] item: Leftovers\n|-heal|p2a: Zapdos|90\/100 par|[from] item: Leftovers\n|upkeep\n|turn|73\n|\n|t:|1711942336\n|move|p1a: Milotic|Surf|p2a: Zapdos\n|-end|p2a: Zapdos|Substitute\n|move|p2a: Zapdos|Hidden Power|p1a: Milotic\n|-supereffective|p1a: Milotic\n|-damage|p1a: Milotic|64\/100\n|\n|-heal|p1a: Milotic|71\/100|[from] item: Leftovers\n|-heal|p2a: Zapdos|96\/100 par|[from] item: Leftovers\n|upkeep\n|turn|74\n|\n|t:|1711942360\n|move|p1a: Milotic|Recover|p1a: Milotic\n|-heal|p1a: Milotic|100\/100\n|move|p2a: Zapdos|Substitute|p2a: Zapdos\n|-start|p2a: Zapdos|Substitute\n|-damage|p2a: Zapdos|72\/100 par\n|\n|-heal|p2a: Zapdos|78\/100 par|[from] item: Leftovers\n|upkeep\n|turn|75\n|\n|t:|1711942366\n|move|p1a: Milotic|Surf|p2a: Zapdos\n|-end|p2a: Zapdos|Substitute\n|move|p2a: Zapdos|Thunderbolt|p1a: Milotic\n|-supereffective|p1a: Milotic\n|-damage|p1a: Milotic|32\/100\n|-status|p1a: Milotic|par\n|\n|-heal|p2a: Zapdos|84\/100 par|[from] item: Leftovers\n|-heal|p1a: Milotic|38\/100 par|[from] item: Leftovers\n|upkeep\n|turn|76\n|\n|t:|1711942385\n|switch|p1a: Umbreon|Umbreon, F|89\/100 par\n|move|p2a: Zapdos|Thunderbolt|p1a: Umbreon\n|-damage|p1a: Umbreon|59\/100 par\n|\n|-heal|p2a: Zapdos|90\/100 par|[from] item: Leftovers\n|-heal|p1a: Umbreon|65\/100 par|[from] item: Leftovers\n|upkeep\n|turn|77\n|\n|t:|1711942390\n|switch|p2a: Celebi|Celebi|100\/100\n|-damage|p2a: Celebi|88\/100|[from] Spikes\n|move|p1a: Umbreon|Wish|p1a: Umbreon\n|\n|-heal|p2a: Celebi|94\/100|[from] item: Leftovers\n|-heal|p1a: Umbreon|71\/100 par|[from] item: Leftovers\n|upkeep\n|turn|78\n|\n|t:|1711942393\n|switch|p1a: Milotic|Milotic, M|38\/100 par\n|move|p2a: Celebi|Leech Seed|p1a: Milotic\n|-start|p1a: Milotic|move: Leech Seed\n|\n|-heal|p1a: Milotic|88\/100 par|[from] move: Wish|[wisher] Umbreon\n|-heal|p2a: Celebi|100\/100|[from] item: Leftovers\n|-heal|p1a: Milotic|94\/100 par|[from] item: Leftovers\n|-damage|p1a: Milotic|82\/100 par|[from] Leech Seed|[of] p2a: Celebi\n|upkeep\n|turn|79\n|\n|t:|1711942399\n|switch|p1a: Umbreon|Umbreon, F|71\/100 par\n|move|p2a: Celebi|Baton Pass|p2a: Celebi\n|\n|t:|1711942401\n|switch|p2a: Zapdos|Zapdos|90\/100 par|[from] Baton Pass\n|\n|-heal|p2a: Zapdos|96\/100 par|[from] item: Leftovers\n|-heal|p1a: Umbreon|77\/100 par|[from] item: Leftovers\n|upkeep\n|turn|80\n|\n|t:|1711942405\n|move|p2a: Zapdos|Hidden Power|p1a: Umbreon\n|-damage|p1a: Umbreon|63\/100 par\n|cant|p1a: Umbreon|par\n|\n|-heal|p2a: Zapdos|100\/100 par|[from] item: Leftovers\n|-heal|p1a: Umbreon|69\/100 par|[from] item: Leftovers\n|upkeep\n|turn|81\n|\n|t:|1711942412\n|cant|p2a: Zapdos|par\n|move|p1a: Umbreon|Toxic||[still]\n|-fail|p1a: Umbreon\n|\n|-heal|p1a: Umbreon|75\/100 par|[from] item: Leftovers\n|upkeep\n|turn|82\n|\n|t:|1711942415\n|move|p2a: Zapdos|Substitute|p2a: Zapdos\n|-start|p2a: Zapdos|Substitute\n|-damage|p2a: Zapdos|76\/100 par\n|move|p1a: Umbreon|Wish|p1a: Umbreon\n|\n|-heal|p2a: Zapdos|82\/100 par|[from] item: Leftovers\n|-heal|p1a: Umbreon|81\/100 par|[from] item: Leftovers\n|upkeep\n|turn|83\n|\n|t:|1711942425\n|move|p2a: Zapdos|Substitute|p2a: Zapdos\n|-fail|p2a: Zapdos|move: Substitute\n|move|p1a: Umbreon|Toxic||[still]\n|-fail|p1a: Umbreon\n|\n|-heal|p1a: Umbreon|100\/100 par|[from] move: Wish|[wisher] Umbreon\n|-heal|p2a: Zapdos|88\/100 par|[from] item: Leftovers\n|upkeep\n|turn|84\n|\n|t:|1711942432\n|move|p2a: Zapdos|Baton Pass|p2a: Zapdos\n|\n|t:|1711942433\n|switch|p2a: Celebi|Celebi|100\/100|[from] Baton Pass\n|-damage|p2a: Celebi|88\/100|[from] Spikes\n|move|p1a: Umbreon|Toxic|p2a: Celebi|[miss]\n|-miss|p1a: Umbreon|p2a: Celebi\n|\n|-heal|p2a: Celebi|94\/100|[from] item: Leftovers\n|upkeep\n|turn|85\n|\n|t:|1711942440\n|switch|p1a: Milotic|Milotic, M|82\/100 par\n|move|p2a: Celebi|Baton Pass|p2a: Celebi\n|\n|t:|1711942442\n|switch|p2a: Zapdos|Zapdos|88\/100 par|[from] Baton Pass\n|\n|-heal|p2a: Zapdos|94\/100 par|[from] item: Leftovers\n|-heal|p1a: Milotic|88\/100 par|[from] item: Leftovers\n|upkeep\n|turn|86\n|\n|t:|1711942447\n|switch|p1a: Umbreon|Umbreon, F|100\/100 par\n|move|p2a: Zapdos|Thunderbolt|p1a: Umbreon\n|-damage|p1a: Umbreon|73\/100 par\n|\n|-heal|p2a: Zapdos|100\/100 par|[from] item: Leftovers\n|-heal|p1a: Umbreon|79\/100 par|[from] item: Leftovers\n|upkeep\n|turn|87\n|\n|t:|1711942454\n|move|p1a: Umbreon|Protect|p1a: Umbreon\n|-singleturn|p1a: Umbreon|Protect\n|cant|p2a: Zapdos|par\n|\n|-heal|p1a: Umbreon|85\/100 par|[from] item: Leftovers\n|upkeep\n|turn|88\n|\n|t:|1711942458\n|switch|p2a: Celebi|Celebi|94\/100\n|-damage|p2a: Celebi|82\/100|[from] Spikes\n|move|p1a: Umbreon|Protect||[still]\n|-fail|p1a: Umbreon\n|\n|-heal|p2a: Celebi|88\/100|[from] item: Leftovers\n|-heal|p1a: Umbreon|91\/100 par|[from] item: Leftovers\n|upkeep\n|turn|89\n|\n|t:|1711942463\n|switch|p1a: Milotic|Milotic, M|88\/100 par\n|move|p2a: Celebi|Leech Seed|p1a: Milotic\n|-start|p1a: Milotic|move: Leech Seed\n|\n|-heal|p2a: Celebi|94\/100|[from] item: Leftovers\n|-heal|p1a: Milotic|94\/100 par|[from] item: Leftovers\n|-damage|p1a: Milotic|81\/100 par|[from] Leech Seed|[of] p2a: Celebi\n|-heal|p2a: Celebi|100\/100|[silent]\n|upkeep\n|turn|90\n|\n|t:|1711942467\n|switch|p1a: Umbreon|Umbreon, F|91\/100 par\n|move|p2a: Celebi|Baton Pass|p2a: Celebi\n|\n|t:|1711942469\n|switch|p2a: Zapdos|Zapdos|100\/100 par|[from] Baton Pass\n|\n|-heal|p1a: Umbreon|97\/100 par|[from] item: Leftovers\n|upkeep\n|turn|91\n|j| sizzle z\n|\n|t:|1711942475\n|move|p2a: Zapdos|Baton Pass|p2a: Zapdos\n|\n|t:|1711942476\n|switch|p2a: Celebi|Celebi|100\/100|[from] Baton Pass\n|-damage|p2a: Celebi|88\/100|[from] Spikes\n|move|p1a: Umbreon|Toxic|p2a: Celebi\n|-status|p2a: Celebi|tox\n|\n|-heal|p2a: Celebi|94\/100 tox|[from] item: Leftovers\n|-damage|p2a: Celebi|88\/100 tox|[from] psn\n|-heal|p1a: Umbreon|100\/100 par|[from] item: Leftovers\n|upkeep\n|turn|92\n|\n|t:|1711942481\n|switch|p1a: Milotic|Milotic, M|81\/100 par\n|move|p2a: Celebi|Baton Pass|p2a: Celebi\n|\n|t:|1711942483\n|-curestatus|p2a: Celebi|tox|[from] ability: Natural Cure\n|switch|p2a: Zapdos|Zapdos|100\/100 par|[from] Baton Pass\n|\n|-heal|p1a: Milotic|88\/100 par|[from] item: Leftovers\n|upkeep\n|turn|93\n|\n|t:|1711942486\n|move|p2a: Zapdos|Substitute|p2a: Zapdos\n|-start|p2a: Zapdos|Substitute\n|-damage|p2a: Zapdos|76\/100 par\n|cant|p1a: Milotic|par\n|\n|-heal|p2a: Zapdos|82\/100 par|[from] item: Leftovers\n|-heal|p1a: Milotic|94\/100 par|[from] item: Leftovers\n|upkeep\n|turn|94\n|\n|t:|1711942491\n|switch|p1a: Umbreon|Umbreon, F|100\/100 par\n|move|p2a: Zapdos|Baton Pass|p2a: Zapdos\n|\n|t:|1711942494\n|switch|p2a: Celebi|Celebi|88\/100|[from] Baton Pass\n|-damage|p2a: Celebi|76\/100|[from] Spikes\n|\n|-heal|p2a: Celebi|82\/100|[from] item: Leftovers\n|upkeep\n|turn|95\n|\n|t:|1711942499\n|switch|p1a: Milotic|Milotic, M|94\/100 par\n|move|p2a: Celebi|Baton Pass|p2a: Celebi\n|\n|t:|1711942501\n|switch|p2a: Zapdos|Zapdos|82\/100 par|[from] Baton Pass\n|\n|-heal|p2a: Zapdos|88\/100 par|[from] item: Leftovers\n|-heal|p1a: Milotic|99\/100 par|[from] item: Leftovers\n|upkeep\n|turn|96\n|\n|t:|1711942504\n|switch|p1a: Umbreon|Umbreon, F|100\/100 par\n|move|p2a: Zapdos|Hidden Power|p1a: Umbreon\n|-damage|p1a: Umbreon|87\/100 par\n|\n|-heal|p2a: Zapdos|94\/100 par|[from] item: Leftovers\n|-heal|p1a: Umbreon|93\/100 par|[from] item: Leftovers\n|upkeep\n|turn|97\n|\n|t:|1711942512\n|move|p1a: Umbreon|Protect|p1a: Umbreon\n|-singleturn|p1a: Umbreon|Protect\n|move|p2a: Zapdos|Substitute|p2a: Zapdos\n|-fail|p2a: Zapdos|move: Substitute\n|\n|-heal|p2a: Zapdos|100\/100 par|[from] item: Leftovers\n|-heal|p1a: Umbreon|99\/100 par|[from] item: Leftovers\n|upkeep\n|turn|98\n|\n|t:|1711942521\n|switch|p1a: Milotic|Milotic, M|99\/100 par\n|cant|p2a: Zapdos|par\n|\n|-heal|p1a: Milotic|100\/100 par|[from] item: Leftovers\n|upkeep\n|turn|99\n|\n|t:|1711942525\n|switch|p1a: Umbreon|Umbreon, F|99\/100 par\n|move|p2a: Zapdos|Thunderbolt|p1a: Umbreon\n|-crit|p1a: Umbreon\n|-damage|p1a: Umbreon|40\/100 par\n|\n|-heal|p1a: Umbreon|46\/100 par|[from] item: Leftovers\n|upkeep\n|turn|100\n|\n|t:|1711942534\n|switch|p2a: Celebi|Celebi|82\/100\n|-damage|p2a: Celebi|69\/100|[from] Spikes\n|move|p1a: Umbreon|Protect||[still]\n|-fail|p1a: Umbreon\n|\n|-heal|p2a: Celebi|76\/100|[from] item: Leftovers\n|-heal|p1a: Umbreon|52\/100 par|[from] item: Leftovers\n|upkeep\n|turn|101\n|\n|t:|1711942543\n|move|p1a: Umbreon|Protect|p1a: Umbreon\n|-singleturn|p1a: Umbreon|Protect\n|move|p2a: Celebi|Leech Seed|p1a: Umbreon|[miss]\n|-miss|p2a: Celebi|p1a: Umbreon\n|\n|-heal|p2a: Celebi|82\/100|[from] item: Leftovers\n|-heal|p1a: Umbreon|58\/100 par|[from] item: Leftovers\n|upkeep\n|turn|102\n|\n|t:|1711942548\n|switch|p1a: Milotic|Milotic, M|100\/100 par\n|move|p2a: Celebi|Recover|p2a: Celebi\n|-heal|p2a: Celebi|100\/100\n|\n|upkeep\n|turn|103\n|\n|t:|1711942553\n|move|p2a: Celebi|Leech Seed|p1a: Milotic\n|-start|p1a: Milotic|move: Leech Seed\n|move|p1a: Milotic|Dragon Breath|p2a: Celebi\n|-damage|p2a: Celebi|89\/100\n|\n|-heal|p2a: Celebi|95\/100|[from] item: Leftovers\n|-damage|p1a: Milotic|88\/100 par|[from] Leech Seed|[of] p2a: Celebi\n|-heal|p2a: Celebi|100\/100|[silent]\n|upkeep\n|turn|104\n|\n|t:|1711942562\n|switch|p1a: Umbreon|Umbreon, F|58\/100 par\n|move|p2a: Celebi|Swords Dance|p2a: Celebi\n|-boost|p2a: Celebi|atk|2\n|\n|-heal|p1a: Umbreon|64\/100 par|[from] item: Leftovers\n|upkeep\n|turn|105\n|\n|t:|1711942567\n|switch|p1a: Milotic|Milotic, M|88\/100 par\n|move|p2a: Celebi|Swords Dance|p2a: Celebi\n|-boost|p2a: Celebi|atk|2\n|\n|-heal|p1a: Milotic|94\/100 par|[from] item: Leftovers\n|upkeep\n|turn|106\n|\n|t:|1711942571\n|switch|p1a: Umbreon|Umbreon, F|64\/100 par\n|move|p2a: Celebi|Leech Seed|p1a: Umbreon|[miss]\n|-miss|p2a: Celebi|p1a: Umbreon\n|\n|-heal|p1a: Umbreon|70\/100 par|[from] item: Leftovers\n|upkeep\n|turn|107\n|\n|t:|1711942575\n|switch|p1a: Milotic|Milotic, M|94\/100 par\n|move|p2a: Celebi|Baton Pass|p2a: Celebi\n|\n|t:|1711942577\n|switch|p2a: Zapdos|Zapdos|100\/100 par|[from] Baton Pass\n|\n|-heal|p1a: Milotic|99\/100 par|[from] item: Leftovers\n|upkeep\n|turn|108\n|\n|t:|1711942580\n|switch|p1a: Umbreon|Umbreon, F|70\/100 par\n|move|p2a: Zapdos|Substitute|p2a: Zapdos\n|-start|p2a: Zapdos|Substitute\n|-damage|p2a: Zapdos|76\/100 par\n|\n|-heal|p2a: Zapdos|82\/100 par|[from] item: Leftovers\n|-heal|p1a: Umbreon|76\/100 par|[from] item: Leftovers\n|upkeep\n|turn|109\n|\n|t:|1711942584\n|move|p2a: Zapdos|Thunderbolt|p1a: Umbreon\n|-damage|p1a: Umbreon|46\/100 par\n|move|p1a: Umbreon|Toxic||[still]\n|-fail|p1a: Umbreon\n|\n|-heal|p2a: Zapdos|88\/100 par|[from] item: Leftovers\n|-heal|p1a: Umbreon|52\/100 par|[from] item: Leftovers\n|upkeep\n|turn|110\n|\n|t:|1711942592\n|move|p1a: Umbreon|Protect|p1a: Umbreon\n|-singleturn|p1a: Umbreon|Protect\n|move|p2a: Zapdos|Substitute|p2a: Zapdos\n|-fail|p2a: Zapdos|move: Substitute\n|\n|-heal|p2a: Zapdos|94\/100 par|[from] item: Leftovers\n|-heal|p1a: Umbreon|58\/100 par|[from] item: Leftovers\n|upkeep\n|turn|111\n|\n|t:|1711942597\n|move|p2a: Zapdos|Thunderbolt|p1a: Umbreon\n|-damage|p1a: Umbreon|31\/100 par\n|cant|p1a: Umbreon|par\n|\n|-heal|p2a: Zapdos|100\/100 par|[from] item: Leftovers\n|-heal|p1a: Umbreon|37\/100 par|[from] item: Leftovers\n|upkeep\n|turn|112\n|\n|t:|1711942603\n|move|p1a: Umbreon|Protect|p1a: Umbreon\n|-singleturn|p1a: Umbreon|Protect\n|cant|p2a: Zapdos|par\n|\n|-heal|p1a: Umbreon|43\/100 par|[from] item: Leftovers\n|upkeep\n|turn|113\n|\n|t:|1711942606\n|move|p2a: Zapdos|Hidden Power|p1a: Umbreon\n|-damage|p1a: Umbreon|28\/100 par\n|move|p1a: Umbreon|Wish|p1a: Umbreon\n|\n|-heal|p1a: Umbreon|35\/100 par|[from] item: Leftovers\n|upkeep\n|turn|114\n|\n|t:|1711942615\n|cant|p1a: Umbreon|par\n|cant|p2a: Zapdos|par\n|\n|-heal|p1a: Umbreon|85\/100 par|[from] move: Wish|[wisher] Umbreon\n|-heal|p1a: Umbreon|91\/100 par|[from] item: Leftovers\n|upkeep\n|turn|115\n|\n|t:|1711942622\n|switch|p1a: Milotic|Milotic, M|99\/100 par\n|move|p2a: Zapdos|Hidden Power|p1a: Milotic\n|-supereffective|p1a: Milotic\n|-damage|p1a: Milotic|64\/100 par\n|\n|-heal|p1a: Milotic|71\/100 par|[from] item: Leftovers\n|upkeep\n|turn|116\n|\n|t:|1711942627\n|switch|p1a: Umbreon|Umbreon, F|91\/100 par\n|move|p2a: Zapdos|Baton Pass|p2a: Zapdos\n|\n|t:|1711942629\n|switch|p2a: Celebi|Celebi|100\/100|[from] Baton Pass\n|-damage|p2a: Celebi|88\/100|[from] Spikes\n|\n|-heal|p2a: Celebi|94\/100|[from] item: Leftovers\n|-heal|p1a: Umbreon|97\/100 par|[from] item: Leftovers\n|upkeep\n|turn|117\n|\n|t:|1711942631\n|switch|p1a: Milotic|Milotic, M|71\/100 par\n|move|p2a: Celebi|Swords Dance|p2a: Celebi\n|-boost|p2a: Celebi|atk|2\n|\n|-heal|p2a: Celebi|100\/100|[from] item: Leftovers\n|-heal|p1a: Milotic|77\/100 par|[from] item: Leftovers\n|upkeep\n|turn|118\n|\n|t:|1711942636\n|move|p2a: Celebi|Leech Seed|p1a: Milotic\n|-start|p1a: Milotic|move: Leech Seed\n|move|p1a: Milotic|Refresh|p1a: Milotic\n|-curestatus|p1a: Milotic|par|[msg]\n|\n|-heal|p1a: Milotic|83\/100|[from] item: Leftovers\n|-damage|p1a: Milotic|70\/100|[from] Leech Seed|[of] p2a: Celebi\n|upkeep\n|turn|119\n|\n|t:|1711942657\n|switch|p1a: Umbreon|Umbreon, F|97\/100 par\n|move|p2a: Celebi|Baton Pass|p2a: Celebi\n|\n|t:|1711942659\n|switch|p2a: Zapdos|Zapdos|100\/100 par|[from] Baton Pass\n|\n|-heal|p1a: Umbreon|100\/100 par|[from] item: Leftovers\n|upkeep\n|turn|120\n|\n|t:|1711942667\n|move|p1a: Umbreon|Protect|p1a: Umbreon\n|-singleturn|p1a: Umbreon|Protect\n|move|p2a: Zapdos|Substitute|p2a: Zapdos\n|-fail|p2a: Zapdos|move: Substitute\n|\n|upkeep\n|turn|121\n|\n|t:|1711942671\n|switch|p1a: Milotic|Milotic, M|70\/100\n|move|p2a: Zapdos|Substitute|p2a: Zapdos\n|-fail|p2a: Zapdos|move: Substitute\n|\n|-heal|p1a: Milotic|76\/100|[from] item: Leftovers\n|upkeep\n|turn|122\n|\n|t:|1711942675\n|switch|p1a: Umbreon|Umbreon, F|100\/100 par\n|move|p2a: Zapdos|Thunderbolt|p1a: Umbreon\n|-damage|p1a: Umbreon|74\/100 par\n|\n|-heal|p1a: Umbreon|80\/100 par|[from] item: Leftovers\n|upkeep\n|turn|123\n|\n|t:|1711942683\n|move|p1a: Umbreon|Protect|p1a: Umbreon\n|-singleturn|p1a: Umbreon|Protect\n|move|p2a: Zapdos|Substitute|p2a: Zapdos\n|-fail|p2a: Zapdos|move: Substitute\n|\n|-heal|p1a: Umbreon|86\/100 par|[from] item: Leftovers\n|upkeep\n|turn|124\n|\n|t:|1711942685\n|move|p2a: Zapdos|Substitute|p2a: Zapdos\n|-fail|p2a: Zapdos|move: Substitute\n|move|p1a: Umbreon|Wish|p1a: Umbreon\n|\n|-heal|p1a: Umbreon|92\/100 par|[from] item: Leftovers\n|upkeep\n|turn|125\n|-message|Relampagos forfeited.\n|\n|win|Very Orange Cat\n|raw|Very Orange Cat's rating: 1519 &rarr; <strong>1533<\/strong><br \/>(+14 for winning)\n|raw|Relampagos's rating: 1403 &rarr; <strong>1389<\/strong><br \/>(-14 for losing)\n|l|\u2606Relampagos\n|player|p2|\n|l| Tail Glow Zard\n","uploadtime":1711942697,"views":2,"formatid":"gen3ou","rating":1389,"private":0,"password":null}