{"id":"gen3ou-2093370644","format":"[Gen 3] OU","players":["jasdfhj","hechirps"],"log":"|j|\u2606jasdfhj\n|j|\u2606hechirps\n|t:|1711946059\n|gametype|singles\n|player|p1|jasdfhj|acetrainer-gen4dp|1000\n|player|p2|hechirps|birdkeeper-gen3rs|1057\n|teamsize|p1|6\n|teamsize|p2|6\n|gen|3\n|tier|[Gen 3] OU\n|rated|\n|rule|Sleep Clause Mod: Limit one foe put to sleep\n|rule|Switch Priority Clause Mod: Faster Pok\u00e9mon switch first\n|rule|Species Clause: Limit one of each Pok\u00e9mon\n|rule|OHKO Clause: OHKO moves are banned\n|rule|Evasion Items Clause: Evasion items are banned\n|rule|Evasion Moves Clause: Evasion moves are banned\n|rule|Endless Battle Clause: Forcing endless battles is banned\n|rule|HP Percentage Mod: HP is shown in percentages\n|rule|One Boost Passer Clause: Limit one Baton Passer that has a way to boost its stats\n|rule|Freeze Clause Mod: Limit one foe frozen\n|\n|t:|1711946059\n|start\n|switch|p1a: Ninjask|Ninjask, F|100\/100\n|switch|p2a: Marshall|Marshtomp, F, shiny|100\/100\n|turn|1\n|inactive|Battle timer is ON: inactive players will automatically lose when time's up. (requested by jasdfhj)\n|\n|t:|1711946076\n|move|p1a: Ninjask|Substitute|p1a: Ninjask\n|-start|p1a: Ninjask|Substitute\n|-damage|p1a: Ninjask|76\/100\n|move|p2a: Marshall|Surf|p1a: Ninjask\n|-end|p1a: Ninjask|Substitute\n|\n|-ability|p1a: Ninjask|Speed Boost|boost\n|-boost|p1a: Ninjask|spe|1\n|-heal|p1a: Ninjask|82\/100|[from] item: Leftovers\n|upkeep\n|turn|2\n|\n|t:|1711946080\n|move|p1a: Ninjask|Protect|p1a: Ninjask\n|-singleturn|p1a: Ninjask|Protect\n|move|p2a: Marshall|Surf|p1a: Ninjask\n|-activate|p1a: Ninjask|Protect\n|\n|-ability|p1a: Ninjask|Speed Boost|boost\n|-boost|p1a: Ninjask|spe|1\n|-heal|p1a: Ninjask|88\/100|[from] item: Leftovers\n|upkeep\n|turn|3\n|\n|t:|1711946081\n|move|p1a: Ninjask|Substitute|p1a: Ninjask\n|-start|p1a: Ninjask|Substitute\n|-damage|p1a: Ninjask|63\/100\n|move|p2a: Marshall|Surf|p1a: Ninjask\n|-end|p1a: Ninjask|Substitute\n|\n|-ability|p1a: Ninjask|Speed Boost|boost\n|-boost|p1a: Ninjask|spe|1\n|-heal|p1a: Ninjask|69\/100|[from] item: Leftovers\n|upkeep\n|turn|4\n|\n|t:|1711946085\n|move|p1a: Ninjask|Protect|p1a: Ninjask\n|-singleturn|p1a: Ninjask|Protect\n|move|p2a: Marshall|Surf|p1a: Ninjask\n|-activate|p1a: Ninjask|Protect\n|\n|-ability|p1a: Ninjask|Speed Boost|boost\n|-boost|p1a: Ninjask|spe|1\n|-heal|p1a: Ninjask|75\/100|[from] item: Leftovers\n|upkeep\n|turn|5\n|\n|t:|1711946087\n|move|p1a: Ninjask|Baton Pass|p1a: Ninjask\n|\n|t:|1711946089\n|switch|p1a: Vaporeon|Vaporeon, M|100\/100|[from] Baton Pass\n|move|p2a: Marshall|Surf|p1a: Vaporeon\n|-immune|p1a: Vaporeon|[from] ability: Water Absorb\n|\n|upkeep\n|turn|6\n|\n|t:|1711946091\n|move|p1a: Vaporeon|Substitute|p1a: Vaporeon\n|-start|p1a: Vaporeon|Substitute\n|-damage|p1a: Vaporeon|75\/100\n|move|p2a: Marshall|Toxic||[still]\n|-fail|p2a: Marshall\n|\n|-heal|p1a: Vaporeon|82\/100|[from] item: Leftovers\n|upkeep\n|turn|7\n|\n|t:|1711946094\n|switch|p2a: less is more|Minun, M|100\/100\n|move|p1a: Vaporeon|Surf|p2a: less is more\n|-crit|p2a: less is more\n|-damage|p2a: less is more|0 fnt\n|faint|p2a: less is more\n|-message|hechirps forfeited.\n|\n|win|jasdfhj\n|raw|jasdfhj's rating: 1000 &rarr; <strong>1047<\/strong><br \/>(+47 for winning)\n|raw|hechirps's rating: 1057 &rarr; <strong>1035<\/strong><br \/>(-22 for losing)\n|l|\u2606hechirps\n|player|p2|\n","uploadtime":1711946099,"views":0,"formatid":"gen3ou","rating":1035,"private":0,"password":null}