{"id":"gen3ou-2093376382","format":"[Gen 3] OU","players":["Pewpiepie","quick release perc"],"log":"|j|\u2606Pewpiepie\n|j|\u2606quick release perc\n|t:|1711947010\n|gametype|singles\n|player|p1|Pewpiepie|rocket-gen1|1470\n|player|p2|quick release perc|preschoolerf|1395\n|teamsize|p1|6\n|teamsize|p2|6\n|gen|3\n|tier|[Gen 3] OU\n|rated|\n|rule|Sleep Clause Mod: Limit one foe put to sleep\n|rule|Switch Priority Clause Mod: Faster Pok\u00e9mon switch first\n|rule|Species Clause: Limit one of each Pok\u00e9mon\n|rule|OHKO Clause: OHKO moves are banned\n|rule|Evasion Items Clause: Evasion items are banned\n|rule|Evasion Moves Clause: Evasion moves are banned\n|rule|Endless Battle Clause: Forcing endless battles is banned\n|rule|HP Percentage Mod: HP is shown in percentages\n|rule|One Boost Passer Clause: Limit one Baton Passer that has a way to boost its stats\n|rule|Freeze Clause Mod: Limit one foe frozen\n|\n|t:|1711947010\n|start\n|switch|p1a: X\u00eb\u0159\u0146\u00e6\u015f|Stantler, M, shiny|100\/100\n|switch|p2a: Raikou|Raikou|100\/100\n|-ability|p1a: X\u00eb\u0159\u0146\u00e6\u015f|Intimidate|boost\n|-unboost|p2a: Raikou|atk|1\n|turn|1\n|inactive|Battle timer is ON: inactive players will automatically lose when time's up. (requested by quick release perc)\n|\n|t:|1711947016\n|move|p2a: Raikou|Substitute|p2a: Raikou\n|-start|p2a: Raikou|Substitute\n|-damage|p2a: Raikou|76\/100\n|move|p1a: X\u00eb\u0159\u0146\u00e6\u015f|Confuse Ray||[still]\n|-fail|p1a: X\u00eb\u0159\u0146\u00e6\u015f\n|\n|-heal|p2a: Raikou|82\/100|[from] item: Leftovers\n|upkeep\n|turn|2\n|\n|t:|1711947023\n|switch|p1a: Bolteon|Jolteon, M|100\/100\n|move|p2a: Raikou|Thunderbolt|p1a: Bolteon\n|-immune|p1a: Bolteon|[from] ability: Volt Absorb\n|\n|-heal|p2a: Raikou|88\/100|[from] item: Leftovers\n|upkeep\n|turn|3\n|\n|t:|1711947026\n|move|p1a: Bolteon|Substitute|p1a: Bolteon\n|-start|p1a: Bolteon|Substitute\n|-damage|p1a: Bolteon|76\/100\n|move|p2a: Raikou|Calm Mind|p2a: Raikou\n|-boost|p2a: Raikou|spa|1\n|-boost|p2a: Raikou|spd|1\n|\n|-heal|p1a: Bolteon|82\/100|[from] item: Leftovers\n|-heal|p2a: Raikou|94\/100|[from] item: Leftovers\n|upkeep\n|turn|4\n|\n|t:|1711947030\n|move|p1a: Bolteon|Baton Pass|p1a: Bolteon\n|\n|t:|1711947032\n|switch|p1a: Tetanus|Skarmory, F|100\/100|[from] Baton Pass\n|move|p2a: Raikou|Hidden Power|p1a: Tetanus\n|-resisted|p1a: Tetanus\n|-crit|p1a: Tetanus\n|-activate|p1a: Tetanus|Substitute|[damage]\n|\n|-heal|p2a: Raikou|100\/100|[from] item: Leftovers\n|upkeep\n|turn|5\n|\n|t:|1711947035\n|move|p2a: Raikou|Thunderbolt|p1a: Tetanus\n|-supereffective|p1a: Tetanus\n|-end|p1a: Tetanus|Substitute\n|move|p1a: Tetanus|Whirlwind|p2a: Raikou\n|drag|p2a: Dugtrio|Dugtrio, M|100\/100\n|\n|upkeep\n|turn|6\n|\n|t:|1711947040\n|switch|p2a: Zapdos|Zapdos|100\/100\n|move|p1a: Tetanus|Sand Attack|p2a: Zapdos\n|-unboost|p2a: Zapdos|accuracy|1\n|\n|upkeep\n|turn|7\n|\n|t:|1711947050\n|switch|p1a: Bolteon|Jolteon, M|82\/100\n|move|p2a: Zapdos|Thunderbolt|p1a: Bolteon|[miss]\n|-miss|p2a: Zapdos|p1a: Bolteon\n|\n|-heal|p1a: Bolteon|88\/100|[from] item: Leftovers\n|upkeep\n|turn|8\n|\n|t:|1711947063\n|switch|p2a: Raikou|Raikou|100\/100\n|move|p1a: Bolteon|Sand Attack|p2a: Raikou\n|-unboost|p2a: Raikou|accuracy|1\n|\n|-heal|p1a: Bolteon|94\/100|[from] item: Leftovers\n|upkeep\n|turn|9\n|\n|t:|1711947084\n|switch|p2a: Zapdos|Zapdos|100\/100\n|move|p1a: Bolteon|Sand Attack|p2a: Zapdos\n|-unboost|p2a: Zapdos|accuracy|1\n|\n|-heal|p1a: Bolteon|99\/100|[from] item: Leftovers\n|upkeep\n|turn|10\n|\n|t:|1711947089\n|switch|p2a: Raikou|Raikou|100\/100\n|move|p1a: Bolteon|Substitute|p1a: Bolteon\n|-start|p1a: Bolteon|Substitute\n|-damage|p1a: Bolteon|75\/100\n|\n|-heal|p1a: Bolteon|81\/100|[from] item: Leftovers\n|upkeep\n|turn|11\n|\n|t:|1711947093\n|move|p1a: Bolteon|Sand Attack|p2a: Raikou\n|-unboost|p2a: Raikou|accuracy|1\n|move|p2a: Raikou|Substitute|p2a: Raikou\n|-start|p2a: Raikou|Substitute\n|-damage|p2a: Raikou|76\/100\n|\n|-heal|p1a: Bolteon|87\/100|[from] item: Leftovers\n|-heal|p2a: Raikou|82\/100|[from] item: Leftovers\n|upkeep\n|turn|12\n|\n|t:|1711947099\n|switch|p2a: Zapdos|Zapdos|100\/100\n|move|p1a: Bolteon|Baton Pass|p1a: Bolteon\n|\n|t:|1711947104\n|switch|p1a: Vangoh fk urself|Smeargle, M, shiny|100\/100|[from] Baton Pass\n|\n|upkeep\n|turn|13\n|\n|t:|1711947112\n|switch|p2a: Claydol|Claydol|100\/100\n|move|p1a: Vangoh fk urself|Spore|p2a: Claydol\n|-status|p2a: Claydol|slp|[from] move: Spore\n|\n|upkeep\n|turn|14\n|\n|t:|1711947116\n|switch|p2a: Zapdos|Zapdos|100\/100\n|move|p1a: Vangoh fk urself|Belly Drum|p1a: Vangoh fk urself\n|-damage|p1a: Vangoh fk urself|51\/100\n|-setboost|p1a: Vangoh fk urself|atk|6|[from] move: Belly Drum\n|\n|upkeep\n|turn|15\n|\n|t:|1711947122\n|move|p1a: Vangoh fk urself|Baton Pass|p1a: Vangoh fk urself\n|\n|t:|1711947124\n|switch|p1a: Petrie|Aerodactyl, M|100\/100|[from] Baton Pass\n|move|p2a: Zapdos|Roar|p1a: Petrie\n|drag|p1a: Umbryo|Umbreon, M, shiny|100\/100\n|\n|upkeep\n|turn|16\n|\n|t:|1711947128\n|move|p2a: Zapdos|Toxic|p1a: Umbryo\n|-status|p1a: Umbryo|tox\n|-status|p2a: Zapdos|psn|[from] ability: Synchronize|[of] p1a: Umbryo\n|move|p1a: Umbryo|Confuse Ray|p2a: Zapdos\n|-start|p2a: Zapdos|confusion\n|\n|-damage|p2a: Zapdos|88\/100 psn|[from] psn\n|-damage|p1a: Umbryo|94\/100 tox|[from] psn\n|upkeep\n|turn|17\n|\n|t:|1711947132\n|switch|p2a: Raikou|Raikou|82\/100\n|move|p1a: Umbryo|Substitute|p1a: Umbryo\n|-start|p1a: Umbryo|Substitute\n|-damage|p1a: Umbryo|70\/100 tox\n|\n|-heal|p2a: Raikou|88\/100|[from] item: Leftovers\n|-heal|p1a: Umbryo|76\/100 tox|[from] item: Leftovers\n|-damage|p1a: Umbryo|63\/100 tox|[from] psn\n|upkeep\n|turn|18\n|\n|t:|1711947136\n|move|p2a: Raikou|Substitute|p2a: Raikou\n|-start|p2a: Raikou|Substitute\n|-damage|p2a: Raikou|63\/100\n|move|p1a: Umbryo|Baton Pass|p1a: Umbryo\n|\n|t:|1711947141\n|switch|p1a: Tetanus|Skarmory, F|100\/100|[from] Baton Pass\n|\n|-heal|p2a: Raikou|69\/100|[from] item: Leftovers\n|upkeep\n|turn|19\n|\n|t:|1711947145\n|move|p2a: Raikou|Thunderbolt|p1a: Tetanus\n|-supereffective|p1a: Tetanus\n|-end|p1a: Tetanus|Substitute\n|move|p1a: Tetanus|Whirlwind|p2a: Raikou\n|drag|p2a: Metagross|Metagross|100\/100\n|\n|upkeep\n|turn|20\n|\n|t:|1711947160\n|move|p2a: Metagross|Meteor Mash|p1a: Tetanus\n|-resisted|p1a: Tetanus\n|-damage|p1a: Tetanus|68\/100\n|move|p1a: Tetanus|Spikes|p2a: Metagross\n|-sidestart|p2: quick release perc|Spikes\n|\n|-heal|p1a: Tetanus|74\/100|[from] item: Leftovers\n|upkeep\n|turn|21\n|\n|t:|1711947164\n|move|p2a: Metagross|Meteor Mash|p1a: Tetanus\n|-resisted|p1a: Tetanus\n|-damage|p1a: Tetanus|42\/100\n|move|p1a: Tetanus|Spikes|p2a: Metagross\n|-sidestart|p2: quick release perc|Spikes\n|\n|-heal|p1a: Tetanus|48\/100|[from] item: Leftovers\n|upkeep\n|turn|22\n|\n|t:|1711947167\n|move|p2a: Metagross|Meteor Mash|p1a: Tetanus\n|-resisted|p1a: Tetanus\n|-damage|p1a: Tetanus|16\/100\n|move|p1a: Tetanus|Spikes|p2a: Metagross\n|-sidestart|p2: quick release perc|Spikes\n|\n|-heal|p1a: Tetanus|22\/100|[from] item: Leftovers\n|upkeep\n|turn|23\n|\n|t:|1711947174\n|switch|p1a: Umbryo|Umbreon, M, shiny|63\/100 tox\n|move|p2a: Metagross|Meteor Mash|p1a: Umbryo|[miss]\n|-miss|p2a: Metagross|p1a: Umbryo\n|\n|-heal|p1a: Umbryo|70\/100 tox|[from] item: Leftovers\n|-damage|p1a: Umbryo|63\/100 tox|[from] psn\n|upkeep\n|turn|24\n|\n|t:|1711947178\n|move|p2a: Metagross|Meteor Mash|p1a: Umbryo\n|-damage|p1a: Umbryo|9\/100 tox\n|move|p1a: Umbryo|Confuse Ray|p2a: Metagross\n|-start|p2a: Metagross|confusion\n|\n|-heal|p1a: Umbryo|15\/100 tox|[from] item: Leftovers\n|-damage|p1a: Umbryo|3\/100 tox|[from] psn\n|upkeep\n|turn|25\n|\n|t:|1711947186\n|-activate|p2a: Metagross|confusion\n|move|p2a: Metagross|Meteor Mash|p1a: Umbryo\n|-damage|p1a: Umbryo|0 fnt\n|faint|p1a: Umbryo\n|\n|t:|1711947200\n|switch|p1a: Bolteon|Jolteon, M|87\/100\n|\n|-heal|p1a: Bolteon|93\/100|[from] item: Leftovers\n|upkeep\n|turn|26\n|\n|t:|1711947206\n|switch|p2a: Claydol|Claydol|100\/100 slp\n|move|p1a: Bolteon|Substitute|p1a: Bolteon\n|-start|p1a: Bolteon|Substitute\n|-damage|p1a: Bolteon|68\/100\n|\n|-heal|p1a: Bolteon|74\/100|[from] item: Leftovers\n|upkeep\n|turn|27\n|\n|t:|1711947210\n|move|p1a: Bolteon|Baton Pass|p1a: Bolteon\n|\n|t:|1711947212\n|switch|p1a: Vangoh fk urself|Smeargle, M, shiny|51\/100|[from] Baton Pass\n|cant|p2a: Claydol|slp\n|\n|upkeep\n|turn|28\n|\n|t:|1711947220\n|move|p1a: Vangoh fk urself|Belly Drum|p1a: Vangoh fk urself\n|-damage|p1a: Vangoh fk urself|1\/100\n|-setboost|p1a: Vangoh fk urself|atk|6|[from] move: Belly Drum\n|cant|p2a: Claydol|slp\n|\n|upkeep\n|turn|29\n|\n|t:|1711947224\n|move|p1a: Vangoh fk urself|Baton Pass|p1a: Vangoh fk urself\n|\n|t:|1711947227\n|switch|p1a: Petrie|Aerodactyl, M|100\/100|[from] Baton Pass\n|cant|p2a: Claydol|slp\n|\n|upkeep\n|turn|30\n|\n|t:|1711947232\n|move|p1a: Petrie|Double-Edge|p2a: Claydol\n|-damage|p2a: Claydol|0 fnt\n|faint|p2a: Claydol\n|-message|quick release perc forfeited.\n|\n|win|Pewpiepie\n|raw|Pewpiepie's rating: 1470 &rarr; <strong>1486<\/strong><br \/>(+16 for winning)\n|raw|quick release perc's rating: 1395 &rarr; <strong>1379<\/strong><br \/>(-16 for losing)\n|l|\u2606quick release perc\n|player|p2|\n","uploadtime":1711947248,"views":0,"formatid":"gen3ou","rating":1379,"private":0,"password":null}