{"id":"gen2ou-2093252173","format":"[Gen 2] OU","players":["ULTRA MEGA TARD","Joshthebosh4.0"],"log":"|j|\u2606ULTRA MEGA TARD\n|j|\u2606Joshthebosh4.0\n|t:|1711930515\n|gametype|singles\n|player|p1|ULTRA MEGA TARD|crasherwake|1183\n|player|p2|Joshthebosh4.0|bugsy|1000\n|teamsize|p1|6\n|teamsize|p2|6\n|gen|2\n|tier|[Gen 2] OU\n|rated|\n|rule|Sleep Clause Mod: Limit one foe put to sleep\n|rule|Freeze Clause Mod: Limit one foe frozen\n|rule|Species Clause: Limit one of each Pok\u00e9mon\n|rule|OHKO Clause: OHKO moves are banned\n|rule|Evasion Items Clause: Evasion items are banned\n|rule|Evasion Moves Clause: Evasion moves are banned\n|rule|Endless Battle Clause: Forcing endless battles is banned\n|rule|HP Percentage Mod: HP is shown in percentages\n|\n|t:|1711930515\n|start\n|switch|p1a: Snorlax|Snorlax, M|100\/100\n|switch|p2a: Snorlax|Snorlax, M|100\/100\n|turn|1\n|inactive|Battle timer is ON: inactive players will automatically lose when time's up. (requested by ULTRA MEGA TARD)\n|\n|t:|1711930534\n|switch|p2a: Golem|Golem, M|100\/100\n|move|p1a: Snorlax|Body Slam|p2a: Golem\n|-resisted|p2a: Golem\n|-damage|p2a: Golem|88\/100\n|\n|-heal|p2a: Golem|94\/100|[from] item: Leftovers\n|upkeep\n|turn|2\n|\n|t:|1711930540\n|move|p1a: Snorlax|Body Slam|p2a: Golem\n|-resisted|p2a: Golem\n|-damage|p2a: Golem|81\/100\n|-status|p2a: Golem|par\n|move|p2a: Golem|Roar|p1a: Snorlax\n|drag|p1a: Nidoking|Nidoking, M|100\/100\n|\n|-heal|p2a: Golem|88\/100 par|[from] item: Leftovers\n|upkeep\n|turn|3\n|\n|t:|1711930557\n|switch|p1a: Zapdos|Zapdos|100\/100\n|switch|p2a: Snorlax|Snorlax, M|100\/100\n|\n|upkeep\n|turn|4\n|\n|t:|1711930563\n|move|p1a: Zapdos|Thunder|p2a: Snorlax\n|-damage|p2a: Snorlax|70\/100\n|-status|p2a: Snorlax|par\n|move|p2a: Snorlax|Double-Edge|p1a: Zapdos\n|-damage|p1a: Zapdos|54\/100\n|-damage|p2a: Snorlax|61\/100 par|[from] Recoil|[of] p1a: Zapdos\n|\n|-heal|p2a: Snorlax|68\/100 par|[from] item: Leftovers\n|upkeep\n|turn|5\n|\n|t:|1711930571\n|switch|p1a: Cloyster|Cloyster, M|100\/100\n|cant|p2a: Snorlax|par\n|\n|-heal|p2a: Snorlax|74\/100 par|[from] item: Leftovers\n|upkeep\n|turn|6\n|\n|t:|1711930580\n|switch|p2a: Moltres|Moltres|100\/100\n|move|p1a: Cloyster|Spikes|p2a: Moltres\n|-sidestart|p2: Joshthebosh4.0|Spikes\n|\n|upkeep\n|turn|7\n|\n|t:|1711930594\n|switch|p1a: Tyranitar|Tyranitar, M|100\/100\n|move|p2a: Moltres|Fire Blast|p1a: Tyranitar\n|-resisted|p1a: Tyranitar\n|-damage|p1a: Tyranitar|78\/100\n|\n|-heal|p1a: Tyranitar|84\/100|[from] item: Leftovers\n|upkeep\n|turn|8\n|\n|t:|1711930606\n|switch|p2a: Golem|Golem, M|88\/100 par\n|-damage|p2a: Golem|75\/100 par|[from] Spikes\n|switch|p1a: Cloyster|Cloyster, M|100\/100\n|\n|-heal|p2a: Golem|81\/100 par|[from] item: Leftovers\n|upkeep\n|turn|9\n|\n|t:|1711930614\n|switch|p2a: Exeggutor|Exeggutor, M|100\/100\n|-damage|p2a: Exeggutor|88\/100|[from] Spikes\n|move|p1a: Cloyster|Surf|p2a: Exeggutor\n|-resisted|p2a: Exeggutor\n|-damage|p2a: Exeggutor|70\/100\n|\n|-heal|p2a: Exeggutor|76\/100|[from] item: Leftovers\n|upkeep\n|turn|10\n|\n|t:|1711930628\n|move|p1a: Cloyster|Ice Beam|p2a: Exeggutor\n|-supereffective|p2a: Exeggutor\n|-damage|p2a: Exeggutor|0 fnt\n|faint|p2a: Exeggutor\n|\n|t:|1711930632\n|switch|p2a: Moltres|Moltres|100\/100\n|\n|upkeep\n|turn|11\n|\n|t:|1711930641\n|switch|p1a: Snorlax|Snorlax, M|100\/100\n|move|p2a: Moltres|Fire Blast|p1a: Snorlax\n|-crit|p1a: Snorlax\n|-damage|p1a: Snorlax|38\/100\n|\n|-heal|p1a: Snorlax|44\/100|[from] item: Leftovers\n|upkeep\n|turn|12\n|\n|t:|1711930647\n|move|p2a: Moltres|Fire Blast|p1a: Snorlax\n|-damage|p1a: Snorlax|11\/100\n|move|p1a: Snorlax|Body Slam|p2a: Moltres\n|-damage|p2a: Moltres|72\/100\n|\n|-heal|p1a: Snorlax|17\/100|[from] item: Leftovers\n|upkeep\n|turn|13\n|\n|t:|1711930653\n|switch|p1a: Tyranitar|Tyranitar, M|84\/100\n|move|p2a: Moltres|Fire Blast|p1a: Tyranitar\n|-resisted|p1a: Tyranitar\n|-damage|p1a: Tyranitar|61\/100\n|\n|-heal|p1a: Tyranitar|67\/100|[from] item: Leftovers\n|upkeep\n|turn|14\n|\n|t:|1711930662\n|switch|p2a: Golem|Golem, M|81\/100 par\n|-damage|p2a: Golem|69\/100 par|[from] Spikes\n|move|p1a: Tyranitar|Rock Slide|p2a: Golem\n|-resisted|p2a: Golem\n|-damage|p2a: Golem|57\/100 par\n|\n|-heal|p1a: Tyranitar|74\/100|[from] item: Leftovers\n|-heal|p2a: Golem|63\/100 par|[from] item: Leftovers\n|upkeep\n|turn|15\n|\n|t:|1711930669\n|switch|p1a: Cloyster|Cloyster, M|100\/100\n|move|p2a: Golem|Roar|p1a: Cloyster\n|drag|p1a: Snorlax|Snorlax, M|17\/100\n|\n|-heal|p1a: Snorlax|23\/100|[from] item: Leftovers\n|-heal|p2a: Golem|69\/100 par|[from] item: Leftovers\n|upkeep\n|turn|16\n|\n|t:|1711930673\n|switch|p1a: Cloyster|Cloyster, M|100\/100\n|move|p2a: Golem|Earthquake|p1a: Cloyster\n|-damage|p1a: Cloyster|75\/100\n|\n|-heal|p1a: Cloyster|81\/100|[from] item: Leftovers\n|-heal|p2a: Golem|75\/100 par|[from] item: Leftovers\n|upkeep\n|turn|17\n|\n|t:|1711930680\n|switch|p2a: Snorlax|Snorlax, M|74\/100 par\n|-damage|p2a: Snorlax|61\/100 par|[from] Spikes\n|move|p1a: Cloyster|Surf|p2a: Snorlax\n|-damage|p2a: Snorlax|43\/100 par\n|\n|-heal|p1a: Cloyster|87\/100|[from] item: Leftovers\n|-heal|p2a: Snorlax|49\/100 par|[from] item: Leftovers\n|upkeep\n|turn|18\n|\n|t:|1711930688\n|move|p1a: Cloyster|Surf|p2a: Snorlax\n|-damage|p2a: Snorlax|31\/100 par\n|move|p2a: Snorlax|Rest|p2a: Snorlax\n|-status|p2a: Snorlax|slp|[from] move: Rest\n|-heal|p2a: Snorlax|100\/100 slp|[silent]\n|\n|-heal|p1a: Cloyster|93\/100|[from] item: Leftovers\n|upkeep\n|turn|19\n|\n|t:|1711930694\n|switch|p1a: Tyranitar|Tyranitar, M|74\/100\n|cant|p2a: Snorlax|slp\n|\n|-heal|p1a: Tyranitar|80\/100|[from] item: Leftovers\n|upkeep\n|turn|20\n|\n|t:|1711930713\n|switch|p1a: Nidoking|Nidoking, M|100\/100\n|switch|p2a: Golem|Golem, M|75\/100 par\n|-damage|p2a: Golem|63\/100 par|[from] Spikes\n|\n|-heal|p2a: Golem|69\/100 par|[from] item: Leftovers\n|upkeep\n|turn|21\n|\n|t:|1711930723\n|switch|p2a: Snorlax|Snorlax, M|100\/100 slp\n|-damage|p2a: Snorlax|88\/100 slp|[from] Spikes\n|move|p1a: Nidoking|Ice Beam|p2a: Snorlax\n|-damage|p2a: Snorlax|77\/100 slp\n|\n|-heal|p2a: Snorlax|83\/100 slp|[from] item: Leftovers\n|upkeep\n|turn|22\n|\n|t:|1711930727\n|move|p1a: Nidoking|Earthquake|p2a: Snorlax\n|-damage|p2a: Snorlax|57\/100 slp\n|cant|p2a: Snorlax|slp\n|\n|-heal|p2a: Snorlax|63\/100 slp|[from] item: Leftovers\n|upkeep\n|turn|23\n|\n|t:|1711930731\n|move|p1a: Nidoking|Earthquake|p2a: Snorlax\n|-damage|p2a: Snorlax|37\/100 slp\n|-curestatus|p2a: Snorlax|slp|[msg]\n|move|p2a: Snorlax|Earthquake|p1a: Nidoking\n|-supereffective|p1a: Nidoking\n|-damage|p1a: Nidoking|49\/100\n|\n|-heal|p1a: Nidoking|55\/100|[from] item: Leftovers\n|-heal|p2a: Snorlax|43\/100|[from] item: Leftovers\n|upkeep\n|turn|24\n|\n|t:|1711930734\n|move|p1a: Nidoking|Lovely Kiss|p2a: Snorlax\n|-status|p2a: Snorlax|slp|[from] move: Lovely Kiss\n|cant|p2a: Snorlax|slp\n|\n|-heal|p1a: Nidoking|61\/100|[from] item: Leftovers\n|-heal|p2a: Snorlax|49\/100 slp|[from] item: Leftovers\n|upkeep\n|turn|25\n|\n|t:|1711930739\n|switch|p2a: Zapdos|Zapdos|100\/100\n|move|p1a: Nidoking|Earthquake|p2a: Zapdos\n|-immune|p2a: Zapdos\n|\n|-heal|p1a: Nidoking|67\/100|[from] item: Leftovers\n|upkeep\n|turn|26\n|\n|t:|1711930751\n|switch|p1a: Cloyster|Cloyster, M|93\/100\n|move|p2a: Zapdos|Hidden Power|p1a: Cloyster\n|-resisted|p1a: Cloyster\n|-damage|p1a: Cloyster|85\/100\n|\n|-heal|p1a: Cloyster|91\/100|[from] item: Leftovers\n|upkeep\n|turn|27\n|\n|t:|1711930754\n|switch|p1a: Nidoking|Nidoking, M|67\/100\n|move|p2a: Zapdos|Thunder|p1a: Nidoking\n|-immune|p1a: Nidoking\n|\n|-heal|p1a: Nidoking|73\/100|[from] item: Leftovers\n|upkeep\n|turn|28\n|\n|t:|1711930761\n|switch|p1a: Gengar|Gengar, M|100\/100\n|move|p2a: Zapdos|Hidden Power|p1a: Gengar\n|-damage|p1a: Gengar|73\/100\n|\n|-heal|p1a: Gengar|79\/100|[from] item: Leftovers\n|upkeep\n|turn|29\n|\n|t:|1711930769\n|switch|p2a: Golem|Golem, M|69\/100 par\n|-damage|p2a: Golem|57\/100 par|[from] Spikes\n|move|p1a: Gengar|Ice Punch|p2a: Golem\n|-supereffective|p2a: Golem\n|-damage|p2a: Golem|8\/100 par\n|\n|-heal|p1a: Gengar|86\/100|[from] item: Leftovers\n|-heal|p2a: Golem|14\/100 par|[from] item: Leftovers\n|upkeep\n|turn|30\n|\n|t:|1711930775\n|move|p1a: Gengar|Ice Punch|p2a: Golem\n|-supereffective|p2a: Golem\n|-damage|p2a: Golem|0 fnt\n|faint|p2a: Golem\n|\n|t:|1711930777\n|switch|p2a: Snorlax|Snorlax, M|49\/100 slp\n|-damage|p2a: Snorlax|37\/100 slp|[from] Spikes\n|\n|-heal|p1a: Gengar|92\/100|[from] item: Leftovers\n|-heal|p2a: Snorlax|43\/100 slp|[from] item: Leftovers\n|upkeep\n|turn|31\n|\n|t:|1711930782\n|move|p1a: Gengar|Dynamic Punch|p2a: Snorlax|[miss]\n|-miss|p1a: Gengar\n|cant|p2a: Snorlax|slp\n|\n|-heal|p1a: Gengar|98\/100|[from] item: Leftovers\n|-heal|p2a: Snorlax|49\/100 slp|[from] item: Leftovers\n|upkeep\n|turn|32\n|\n|t:|1711930788\n|move|p1a: Gengar|Dynamic Punch|p2a: Snorlax\n|-supereffective|p2a: Snorlax\n|-damage|p2a: Snorlax|17\/100 slp\n|-start|p2a: Snorlax|confusion\n|cant|p2a: Snorlax|slp\n|\n|-heal|p1a: Gengar|100\/100|[from] item: Leftovers\n|-heal|p2a: Snorlax|23\/100 slp|[from] item: Leftovers\n|upkeep\n|turn|33\n|\n|t:|1711930792\n|move|p1a: Gengar|Thunder|p2a: Snorlax|[miss]\n|-miss|p1a: Gengar\n|cant|p2a: Snorlax|slp\n|\n|-heal|p2a: Snorlax|29\/100 slp|[from] item: Leftovers\n|upkeep\n|turn|34\n|\n|t:|1711930794\n|move|p1a: Gengar|Thunder|p2a: Snorlax\n|-damage|p2a: Snorlax|8\/100 slp\n|cant|p2a: Snorlax|slp\n|\n|-heal|p2a: Snorlax|14\/100 slp|[from] item: Leftovers\n|upkeep\n|turn|35\n|\n|t:|1711930799\n|move|p1a: Gengar|Thunder|p2a: Snorlax|[miss]\n|-miss|p1a: Gengar\n|cant|p2a: Snorlax|slp\n|\n|-heal|p2a: Snorlax|20\/100 slp|[from] item: Leftovers\n|upkeep\n|turn|36\n|\n|t:|1711930803\n|move|p1a: Gengar|Thunder|p2a: Snorlax\n|-damage|p2a: Snorlax|0 fnt\n|faint|p2a: Snorlax\n|-message|Joshthebosh4.0 forfeited.\n|\n|win|ULTRA MEGA TARD\n|raw|ULTRA MEGA TARD's rating: 1183 &rarr; <strong>1196<\/strong><br \/>(+13 for winning)\n|raw|Joshthebosh4.0's rating: 1000 &rarr; <strong>1000<\/strong><br \/>(+0 for losing)\n|l|\u2606Joshthebosh4.0\n|player|p2|\n","uploadtime":1711930812,"views":0,"formatid":"gen2ou","rating":1000,"private":0,"password":null}