|j|☆teriso 169
|j|☆swugjesus
|t:|1711941948
|gametype|singles
|player|p1|teriso 169|hiker-gen4|1060
|player|p2|swugjesus|169|1056
|teamsize|p1|6
|teamsize|p2|6
|gen|2
|tier|[Gen 2] OU
|rated|
|rule|Sleep Clause Mod: Limit one foe put to sleep
|rule|Freeze Clause Mod: Limit one foe frozen
|rule|Species Clause: Limit one of each Pokémon
|rule|OHKO Clause: OHKO moves are banned
|rule|Evasion Items Clause: Evasion items are banned
|rule|Evasion Moves Clause: Evasion moves are banned
|rule|Endless Battle Clause: Forcing endless battles is banned
|rule|HP Percentage Mod: HP is shown in percentages
|
|t:|1711941948
|start
|switch|p1a: Zapdos|Zapdos|100/100
|switch|p2a: Marowak|Marowak, M|100/100
|turn|1
|inactive|Battle timer is ON: inactive players will automatically lose when time's up. (requested by teriso 169)
|
|t:|1711941958
|switch|p1a: Exeggutor|Exeggutor, M|100/100
|switch|p2a: Blissey|Blissey, F|100/100
|
|upkeep
|turn|2
|
|t:|1711941964
|switch|p1a: Forretress|Forretress, M|100/100
|move|p2a: Blissey|Seismic Toss|p1a: Forretress
|-damage|p1a: Forretress|72/100
|
|-heal|p1a: Forretress|78/100|[from] item: Leftovers
|upkeep
|turn|3
|
|t:|1711941967
|switch|p2a: Scizor|Scizor, M|100/100
|move|p1a: Forretress|Spikes|p2a: Scizor
|-sidestart|p2: swugjesus|Spikes
|
|-heal|p1a: Forretress|85/100|[from] item: Leftovers
|upkeep
|turn|4
|
|t:|1711941975
|switch|p1a: Zapdos|Zapdos|100/100
|move|p2a: Scizor|Agility|p2a: Scizor
|-boost|p2a: Scizor|spe|2
|
|upkeep
|turn|5
|
|t:|1711941979
|move|p2a: Scizor|Baton Pass|p2a: Scizor
|
|t:|1711941981
|switch|p2a: Marowak|Marowak, M|100/100|[from] Baton Pass
|-damage|p2a: Marowak|88/100|[from] Spikes
|move|p1a: Zapdos|Thunder|p2a: Marowak
|-immune|p2a: Marowak
|
|upkeep
|turn|6
|
|t:|1711941992
|move|p2a: Marowak|Rock Slide|p1a: Zapdos
|-crit|p1a: Zapdos
|-supereffective|p1a: Zapdos
|-damage|p1a: Zapdos|0 fnt
|faint|p1a: Zapdos
|
|t:|1711941996
|switch|p1a: Forretress|Forretress, M|85/100
|
|-heal|p1a: Forretress|91/100|[from] item: Leftovers
|upkeep
|turn|7
|
|t:|1711941998
|move|p2a: Marowak|Fire Blast|p1a: Forretress
|-supereffective|p1a: Forretress
|-damage|p1a: Forretress|0 fnt
|faint|p1a: Forretress
|
|t:|1711942001
|switch|p1a: Exeggutor|Exeggutor, M|100/100
|
|upkeep
|turn|8
|
|t:|1711942004
|move|p2a: Marowak|Hidden Power|p1a: Exeggutor
|-supereffective|p1a: Exeggutor
|-damage|p1a: Exeggutor|45/100
|move|p1a: Exeggutor|Sleep Powder|p2a: Marowak
|-status|p2a: Marowak|slp|[from] move: Sleep Powder
|
|-heal|p1a: Exeggutor|51/100|[from] item: Leftovers
|upkeep
|turn|9
|
|t:|1711942013
|switch|p2a: Scizor|Scizor, M|100/100
|-damage|p2a: Scizor|88/100|[from] Spikes
|move|p1a: Exeggutor|Giga Drain|p2a: Scizor
|-crit|p2a: Scizor
|-resisted|p2a: Scizor
|-damage|p2a: Scizor|74/100
|-heal|p1a: Exeggutor|58/100|[from] drain|[of] p2a: Scizor
|
|-heal|p1a: Exeggutor|64/100|[from] item: Leftovers
|upkeep
|turn|10
|
|t:|1711942017
|switch|p1a: Golem|Golem, M|100/100
|move|p2a: Scizor|Thief|p1a: Golem
|-crit|p1a: Golem
|-damage|p1a: Golem|86/100
|-item|p2a: Scizor|Leftovers|[from] move: Thief|[of] p1a: Golem
|
|-heal|p2a: Scizor|80/100|[from] item: Leftovers
|upkeep
|turn|11
|
|t:|1711942033
|move|p2a: Scizor|Baton Pass|p2a: Scizor
|
|t:|1711942034
|switch|p2a: Cloyster|Cloyster, M|100/100|[from] Baton Pass
|-damage|p2a: Cloyster|88/100|[from] Spikes
|move|p1a: Golem|Fire Blast|p2a: Cloyster
|-damage|p2a: Cloyster|50/100
|
|-heal|p2a: Cloyster|56/100|[from] item: Leftovers
|upkeep
|turn|12
|
|t:|1711942039
|move|p2a: Cloyster|Rapid Spin|p1a: Golem
|-resisted|p1a: Golem
|-damage|p1a: Golem|84/100
|-sideend|p2: swugjesus|Spikes|[from] move: Rapid Spin|[of] p2a: Cloyster
|move|p1a: Golem|Rock Slide|p2a: Cloyster
|-supereffective|p2a: Cloyster
|-damage|p2a: Cloyster|12/100
|
|-heal|p2a: Cloyster|18/100|[from] item: Leftovers
|upkeep
|turn|13
|
|t:|1711942045
|switch|p1a: Tentacruel|Tentacruel, M|100/100
|move|p2a: Cloyster|Spikes|p1a: Tentacruel
|-sidestart|p1: teriso 169|Spikes
|
|-heal|p2a: Cloyster|24/100|[from] item: Leftovers
|upkeep
|turn|14
|
|t:|1711942050
|move|p1a: Tentacruel|Swords Dance|p1a: Tentacruel
|-boost|p1a: Tentacruel|atk|2
|move|p2a: Cloyster|Hidden Power|p1a: Tentacruel
|-supereffective|p1a: Tentacruel
|-damage|p1a: Tentacruel|75/100
|
|-heal|p1a: Tentacruel|81/100|[from] item: Leftovers
|-heal|p2a: Cloyster|30/100|[from] item: Leftovers
|upkeep
|turn|15
|
|t:|1711942059
|move|p1a: Tentacruel|Sludge Bomb|p2a: Cloyster
|-damage|p2a: Cloyster|0 fnt
|faint|p2a: Cloyster
|
|t:|1711942068
|switch|p2a: Snorlax|Snorlax, M|100/100
|
|-heal|p1a: Tentacruel|87/100|[from] item: Leftovers
|upkeep
|turn|16
|
|t:|1711942070
|move|p1a: Tentacruel|Sludge Bomb|p2a: Snorlax
|-damage|p2a: Snorlax|61/100
|-status|p2a: Snorlax|psn
|move|p2a: Snorlax|Curse|p2a: Snorlax
|-unboost|p2a: Snorlax|spe|1
|-boost|p2a: Snorlax|atk|1
|-boost|p2a: Snorlax|def|1
|-damage|p2a: Snorlax|49/100 psn|[from] psn|[of] p1a: Tentacruel
|
|-heal|p1a: Tentacruel|93/100|[from] item: Leftovers
|-heal|p2a: Snorlax|55/100 psn|[from] item: Leftovers
|upkeep
|turn|17
|
|t:|1711942072
|move|p1a: Tentacruel|Sludge Bomb|p2a: Snorlax
|-damage|p2a: Snorlax|25/100 psn
|move|p2a: Snorlax|Earthquake|p1a: Tentacruel
|-supereffective|p1a: Tentacruel
|-damage|p1a: Tentacruel|0 fnt
|faint|p1a: Tentacruel
|
|t:|1711942077
|switch|p1a: Exeggutor|Exeggutor, M|64/100
|-damage|p1a: Exeggutor|51/100|[from] Spikes
|
|-heal|p1a: Exeggutor|58/100|[from] item: Leftovers
|-heal|p2a: Snorlax|31/100 psn|[from] item: Leftovers
|upkeep
|turn|18
|
|t:|1711942080
|move|p1a: Exeggutor|Giga Drain|p2a: Snorlax
|-damage|p2a: Snorlax|15/100 psn
|-heal|p1a: Exeggutor|69/100|[from] drain|[of] p2a: Snorlax
|move|p2a: Snorlax|Shadow Ball|p1a: Exeggutor
|-supereffective|p1a: Exeggutor
|-damage|p1a: Exeggutor|6/100
|-damage|p2a: Snorlax|3/100 psn|[from] psn|[of] p1a: Exeggutor
|
|-heal|p1a: Exeggutor|12/100|[from] item: Leftovers
|-heal|p2a: Snorlax|9/100 psn|[from] item: Leftovers
|upkeep
|turn|19
|
|t:|1711942087
|move|p1a: Exeggutor|Giga Drain|p2a: Snorlax
|-damage|p2a: Snorlax|0 fnt
|-heal|p1a: Exeggutor|18/100|[from] drain|[of] p2a: Snorlax
|faint|p2a: Snorlax
|
|t:|1711942092
|switch|p2a: Skarmory|Skarmory, M|100/100
|
|-heal|p1a: Exeggutor|24/100|[from] item: Leftovers
|upkeep
|turn|20
|
|t:|1711942094
|move|p2a: Skarmory|Drill Peck|p1a: Exeggutor
|-supereffective|p1a: Exeggutor
|-damage|p1a: Exeggutor|0 fnt
|faint|p1a: Exeggutor
|
|t:|1711942096
|switch|p1a: Golem|Golem, M|84/100
|-damage|p1a: Golem|72/100|[from] Spikes
|
|upkeep
|turn|21
|
|t:|1711942102
|move|p2a: Skarmory|Toxic|p1a: Golem
|-status|p1a: Golem|tox
|move|p1a: Golem|Fire Blast|p2a: Skarmory|[miss]
|-miss|p1a: Golem
|-damage|p1a: Golem|66/100 tox|[from] psn
|
|upkeep
|turn|22
|
|t:|1711942107
|move|p1a: Golem|Fire Blast|p2a: Skarmory|[miss]
|-miss|p1a: Golem
|-damage|p1a: Golem|53/100 tox|[from] psn
|move|p2a: Skarmory|Whirlwind|p1a: Golem
|drag|p1a: Snorlax|Snorlax, M|100/100
|-damage|p1a: Snorlax|88/100|[from] Spikes
|
|-heal|p1a: Snorlax|94/100|[from] item: Leftovers
|upkeep
|turn|23
|-message|teriso 169 forfeited.
|
|win|swugjesus
|raw|teriso 169's rating: 1060 &rarr; <strong>1041</strong><br />(-19 for losing)
|raw|swugjesus's rating: 1056 &rarr; <strong>1088</strong><br />(+32 for winning)
|l|☆teriso 169
|player|p1|
