|j|☆dragonmaster441
|j|☆kadowado
|t:|1711913917
|gametype|singles
|player|p1|dragonmaster441|acetrainerf-gen4|1065
|player|p2|kadowado|byron|1101
|teamsize|p1|6
|teamsize|p2|6
|gen|2
|tier|[Gen 2] OU
|rated|
|rule|Sleep Clause Mod: Limit one foe put to sleep
|rule|Freeze Clause Mod: Limit one foe frozen
|rule|Species Clause: Limit one of each Pokémon
|rule|OHKO Clause: OHKO moves are banned
|rule|Evasion Items Clause: Evasion items are banned
|rule|Evasion Moves Clause: Evasion moves are banned
|rule|Endless Battle Clause: Forcing endless battles is banned
|rule|HP Percentage Mod: HP is shown in percentages
|
|t:|1711913917
|start
|switch|p1a: Cloyster|Cloyster, M|100/100
|switch|p2a: Skarmory|Skarmory, M|100/100
|turn|1
|inactive|Battle timer is ON: inactive players will automatically lose when time's up. (requested by dragonmaster441)
|c|☆dragonmaster441|hf
|
|t:|1711913927
|move|p2a: Skarmory|Toxic|p1a: Cloyster
|-status|p1a: Cloyster|tox
|move|p1a: Cloyster|Ice Beam|p2a: Skarmory
|-damage|p2a: Skarmory|61/100
|-damage|p1a: Cloyster|95/100 tox|[from] psn
|
|-heal|p2a: Skarmory|67/100|[from] item: Leftovers
|-heal|p1a: Cloyster|100/100 tox|[from] item: Leftovers
|upkeep
|turn|2
|
|t:|1711913939
|switch|p2a: Suicune|Suicune|100/100
|move|p1a: Cloyster|Spikes|p2a: Suicune
|-sidestart|p2: kadowado|Spikes
|-damage|p1a: Cloyster|89/100 tox|[from] psn
|
|-heal|p1a: Cloyster|95/100 tox|[from] item: Leftovers
|upkeep
|turn|3
|
|t:|1711913947
|switch|p1a: Snorlax|Snorlax, M|100/100
|move|p2a: Suicune|Surf|p1a: Snorlax
|-damage|p1a: Snorlax|80/100
|
|-heal|p1a: Snorlax|86/100|[from] item: Leftovers
|upkeep
|turn|4
|
|t:|1711913958
|switch|p2a: Skarmory|Skarmory, M|67/100
|move|p1a: Snorlax|Body Slam|p2a: Skarmory
|-resisted|p2a: Skarmory
|-damage|p2a: Skarmory|55/100
|-status|p2a: Skarmory|par
|
|-heal|p1a: Snorlax|92/100|[from] item: Leftovers
|-heal|p2a: Skarmory|61/100 par|[from] item: Leftovers
|upkeep
|turn|5
|
|t:|1711913971
|switch|p1a: Houndoom|Houndoom, M|100/100
|move|p2a: Skarmory|Toxic|p1a: Houndoom
|-status|p1a: Houndoom|tox
|
|-heal|p2a: Skarmory|67/100 par|[from] item: Leftovers
|upkeep
|turn|6
|
|t:|1711913981
|-activate|p2a: Skarmory|move: Pursuit
|move|p1a: Houndoom|Pursuit|p2a: Skarmory|[from]Pursuit
|-crit|p2a: Skarmory
|-resisted|p2a: Skarmory
|-damage|p2a: Skarmory|31/100 par
|-damage|p1a: Houndoom|94/100 tox|[from] psn
|switch|p2a: Blissey|Blissey, F|100/100
|-damage|p2a: Blissey|88/100|[from] Spikes
|
|-heal|p1a: Houndoom|100/100 tox|[from] item: Leftovers
|-heal|p2a: Blissey|94/100|[from] item: Leftovers
|upkeep
|turn|7
|
|t:|1711913997
|switch|p1a: Snorlax|Snorlax, M|92/100
|move|p2a: Blissey|Thunder Wave|p1a: Snorlax
|-status|p1a: Snorlax|par
|
|-heal|p2a: Blissey|99/100|[from] item: Leftovers
|-heal|p1a: Snorlax|99/100 par|[from] item: Leftovers
|upkeep
|turn|8
|
|t:|1711914012
|move|p2a: Blissey|Double-Edge|p1a: Snorlax
|-damage|p1a: Snorlax|84/100 par
|-damage|p2a: Blissey|98/100|[from] Recoil|[of] p1a: Snorlax
|move|p1a: Snorlax|Belly Drum|p1a: Snorlax
|-damage|p1a: Snorlax|34/100 par
|-setboost|p1a: Snorlax|atk|6|[from] move: Belly Drum
|
|-heal|p2a: Blissey|100/100|[from] item: Leftovers
|-heal|p1a: Snorlax|40/100 par|[from] item: Leftovers
|upkeep
|turn|9
|
|t:|1711914030
|move|p2a: Blissey|Double-Edge|p1a: Snorlax
|-damage|p1a: Snorlax|25/100 par
|-damage|p2a: Blissey|98/100|[from] Recoil|[of] p1a: Snorlax
|move|p1a: Snorlax|Body Slam|p2a: Blissey
|-damage|p2a: Blissey|0 fnt
|faint|p2a: Blissey
|
|t:|1711914044
|switch|p2a: Nidoking|Nidoking, M|100/100
|-damage|p2a: Nidoking|88/100|[from] Spikes
|
|-heal|p2a: Nidoking|94/100|[from] item: Leftovers
|-heal|p1a: Snorlax|31/100 par|[from] item: Leftovers
|upkeep
|turn|10
|
|t:|1711914053
|cant|p1a: Snorlax|par
|move|p2a: Nidoking|Roar|p1a: Snorlax
|drag|p1a: Cloyster|Cloyster, M|95/100 tox
|-status|p1a: Cloyster|psn|[silent]
|
|-heal|p2a: Nidoking|99/100|[from] item: Leftovers
|-heal|p1a: Cloyster|100/100 psn|[from] item: Leftovers
|upkeep
|turn|11
|
|t:|1711914066
|switch|p2a: Machamp|Machamp, M|100/100
|-damage|p2a: Machamp|88/100|[from] Spikes
|move|p1a: Cloyster|Ice Beam|p2a: Machamp
|-damage|p2a: Machamp|61/100
|-damage|p1a: Cloyster|88/100 psn|[from] psn|[of] p2a: Machamp
|
|-heal|p1a: Cloyster|94/100 psn|[from] item: Leftovers
|-heal|p2a: Machamp|67/100|[from] item: Leftovers
|upkeep
|turn|12
|
|t:|1711914078
|move|p1a: Cloyster|Rest|p1a: Cloyster
|-status|p1a: Cloyster|slp|[from] move: Rest
|-heal|p1a: Cloyster|100/100 slp|[silent]
|move|p2a: Machamp|Rock Slide|p1a: Cloyster
|-supereffective|p1a: Cloyster
|-damage|p1a: Cloyster|70/100 slp
|
|-heal|p1a: Cloyster|76/100 slp|[from] item: Leftovers
|-heal|p2a: Machamp|73/100|[from] item: Leftovers
|upkeep
|turn|13
|
|t:|1711914090
|switch|p1a: Scizor|Scizor, M|100/100
|move|p2a: Machamp|Rock Slide|p1a: Scizor
|-damage|p1a: Scizor|79/100
|
|-heal|p1a: Scizor|85/100|[from] item: Leftovers
|-heal|p2a: Machamp|79/100|[from] item: Leftovers
|upkeep
|turn|14
|
|t:|1711914100
|move|p1a: Scizor|Swords Dance|p1a: Scizor
|-boost|p1a: Scizor|atk|2
|move|p2a: Machamp|Cross Chop|p1a: Scizor
|-crit|p1a: Scizor
|-damage|p1a: Scizor|1/100
|
|-heal|p1a: Scizor|7/100|[from] item: Leftovers
|-heal|p2a: Machamp|85/100|[from] item: Leftovers
|upkeep
|turn|15
|
|t:|1711914113
|move|p1a: Scizor|Baton Pass|p1a: Scizor
|
|t:|1711914119
|switch|p1a: Snorlax|Snorlax, M|31/100 par|[from] Baton Pass
|move|p2a: Machamp|Cross Chop|p1a: Snorlax
|-crit|p1a: Snorlax
|-supereffective|p1a: Snorlax
|-damage|p1a: Snorlax|0 fnt
|faint|p1a: Snorlax
|
|t:|1711914122
|switch|p1a: Pikachu|Pikachu, M|100/100
|
|-heal|p2a: Machamp|91/100|[from] item: Leftovers
|upkeep
|turn|16
|
|t:|1711914132
|switch|p2a: Raikou|Raikou|100/100
|-damage|p2a: Raikou|88/100|[from] Spikes
|move|p1a: Pikachu|Thunder|p2a: Raikou
|-resisted|p2a: Raikou
|-damage|p2a: Raikou|62/100
|
|-heal|p2a: Raikou|68/100|[from] item: Leftovers
|upkeep
|turn|17
|
|t:|1711914143
|move|p2a: Raikou|Thunderbolt|p1a: Pikachu
|-resisted|p1a: Pikachu
|-damage|p1a: Pikachu|56/100
|move|p1a: Pikachu|Surf|p2a: Raikou
|-damage|p2a: Raikou|42/100
|
|-heal|p2a: Raikou|48/100|[from] item: Leftovers
|upkeep
|turn|18
|
|t:|1711914156
|move|p2a: Raikou|Rest|p2a: Raikou
|-status|p2a: Raikou|slp|[from] move: Rest
|-heal|p2a: Raikou|100/100 slp|[silent]
|move|p1a: Pikachu|Surf|p2a: Raikou
|-damage|p2a: Raikou|72/100 slp
|
|-heal|p2a: Raikou|78/100 slp|[from] item: Leftovers
|upkeep
|turn|19
|
|t:|1711914166
|cant|p2a: Raikou|slp
|move|p2a: Raikou|Sleep Talk|p2a: Raikou
|move|p2a: Raikou|Hidden Power|p1a: Pikachu|[from]Sleep Talk
|-damage|p1a: Pikachu|17/100
|move|p1a: Pikachu|Surf|p2a: Raikou
|-damage|p2a: Raikou|53/100 slp
|
|-heal|p2a: Raikou|59/100 slp|[from] item: Leftovers
|upkeep
|turn|20
|
|t:|1711914179
|cant|p2a: Raikou|slp
|move|p2a: Raikou|Sleep Talk|p2a: Raikou
|move|p2a: Raikou|Rest|p2a: Raikou|[from]Sleep Talk
|-status|p2a: Raikou|slp|[from] move: Rest
|-heal|p2a: Raikou|100/100 slp|[silent]
|move|p1a: Pikachu|Surf|p2a: Raikou
|-crit|p2a: Raikou
|-damage|p2a: Raikou|48/100 slp
|
|-heal|p2a: Raikou|54/100 slp|[from] item: Leftovers
|upkeep
|turn|21
|
|t:|1711914192
|cant|p2a: Raikou|slp
|move|p1a: Pikachu|Surf|p2a: Raikou
|-damage|p2a: Raikou|29/100 slp
|
|-heal|p2a: Raikou|35/100 slp|[from] item: Leftovers
|upkeep
|turn|22
|
|t:|1711914199
|cant|p2a: Raikou|slp
|move|p2a: Raikou|Sleep Talk|p2a: Raikou
|move|p2a: Raikou|Thunderbolt|p1a: Pikachu|[from]Sleep Talk
|-resisted|p1a: Pikachu
|-damage|p1a: Pikachu|0 fnt
|faint|p1a: Pikachu
|
|t:|1711914207
|switch|p1a: Scizor|Scizor, M|7/100
|
|-heal|p2a: Raikou|41/100 slp|[from] item: Leftovers
|-heal|p1a: Scizor|13/100|[from] item: Leftovers
|upkeep
|turn|23
|
|t:|1711914214
|-curestatus|p2a: Raikou|slp|[msg]
|move|p2a: Raikou|Sleep Talk|p2a: Raikou
|move|p1a: Scizor|Agility|p1a: Scizor
|-boost|p1a: Scizor|spe|2
|
|-heal|p1a: Scizor|19/100|[from] item: Leftovers
|-heal|p2a: Raikou|47/100|[from] item: Leftovers
|upkeep
|turn|24
|
|t:|1711914224
|move|p1a: Scizor|Baton Pass|p1a: Scizor
|
|t:|1711914226
|switch|p1a: Marowak|Marowak, M|100/100|[from] Baton Pass
|move|p2a: Raikou|Thunderbolt|p1a: Marowak
|-immune|p1a: Marowak
|
|-heal|p2a: Raikou|53/100|[from] item: Leftovers
|upkeep
|turn|25
|
|t:|1711914237
|switch|p2a: Suicune|Suicune|100/100
|-damage|p2a: Suicune|88/100|[from] Spikes
|move|p1a: Marowak|Earthquake|p2a: Suicune
|-damage|p2a: Suicune|44/100
|
|-heal|p2a: Suicune|50/100|[from] item: Leftovers
|upkeep
|turn|26
|
|t:|1711914247
|move|p1a: Marowak|Earthquake|p2a: Suicune
|-damage|p2a: Suicune|4/100
|move|p2a: Suicune|Surf|p1a: Marowak
|-supereffective|p1a: Marowak
|-damage|p1a: Marowak|30/100
|
|-heal|p2a: Suicune|10/100|[from] item: Leftovers
|upkeep
|turn|27
|
|t:|1711914259
|switch|p2a: Skarmory|Skarmory, M|31/100 par
|move|p1a: Marowak|Earthquake|p2a: Skarmory
|-immune|p2a: Skarmory
|
|-heal|p2a: Skarmory|37/100 par|[from] item: Leftovers
|upkeep
|turn|28
|
|t:|1711914273
|move|p1a: Marowak|Rock Slide|p2a: Skarmory
|-damage|p2a: Skarmory|13/100 par
|move|p2a: Skarmory|Whirlwind|p1a: Marowak
|drag|p1a: Houndoom|Houndoom, M|100/100 tox
|-status|p1a: Houndoom|psn|[silent]
|
|-heal|p2a: Skarmory|19/100 par|[from] item: Leftovers
|upkeep
|turn|29
|
|t:|1711914289
|switch|p2a: Nidoking|Nidoking, M|99/100
|-damage|p2a: Nidoking|88/100|[from] Spikes
|move|p1a: Houndoom|Fire Blast|p2a: Nidoking
|-damage|p2a: Nidoking|40/100
|-damage|p1a: Houndoom|88/100 psn|[from] psn|[of] p2a: Nidoking
|
|-heal|p1a: Houndoom|94/100 psn|[from] item: Leftovers
|-heal|p2a: Nidoking|46/100|[from] item: Leftovers
|upkeep
|turn|30
|
|t:|1711914316
|move|p1a: Houndoom|Fire Blast|p2a: Nidoking
|-damage|p2a: Nidoking|0 fnt
|faint|p2a: Nidoking
|
|t:|1711914322
|switch|p2a: Machamp|Machamp, M|91/100
|-damage|p2a: Machamp|78/100|[from] Spikes
|
|-heal|p1a: Houndoom|99/100 psn|[from] item: Leftovers
|-heal|p2a: Machamp|84/100|[from] item: Leftovers
|upkeep
|turn|31
|
|t:|1711914332
|move|p1a: Houndoom|Fire Blast|p2a: Machamp
|-damage|p2a: Machamp|40/100
|-damage|p1a: Houndoom|88/100 psn|[from] psn|[of] p2a: Machamp
|move|p2a: Machamp|Rock Slide|p1a: Houndoom
|-supereffective|p1a: Houndoom
|-damage|p1a: Houndoom|23/100 psn
|
|-heal|p1a: Houndoom|29/100 psn|[from] item: Leftovers
|-heal|p2a: Machamp|46/100|[from] item: Leftovers
|upkeep
|turn|32
|
|t:|1711914344
|move|p1a: Houndoom|Fire Blast|p2a: Machamp
|-damage|p2a: Machamp|4/100
|-damage|p1a: Houndoom|16/100 psn|[from] psn|[of] p2a: Machamp
|move|p2a: Machamp|Cross Chop|p1a: Houndoom
|-supereffective|p1a: Houndoom
|-damage|p1a: Houndoom|0 fnt
|faint|p1a: Houndoom
|
|t:|1711914358
|switch|p1a: Scizor|Scizor, M|19/100
|
|-heal|p1a: Scizor|25/100|[from] item: Leftovers
|-heal|p2a: Machamp|10/100|[from] item: Leftovers
|upkeep
|turn|33
|
|t:|1711914367
|move|p1a: Scizor|Hidden Power|p2a: Machamp
|-resisted|p2a: Machamp
|-damage|p2a: Machamp|0 fnt
|faint|p2a: Machamp
|
|t:|1711914373
|switch|p2a: Suicune|Suicune|10/100
|-damage|p2a: Suicune|0 fnt|[from] Spikes
|faint|p2a: Suicune
|
|t:|1711914380
|switch|p2a: Raikou|Raikou|53/100
|-damage|p2a: Raikou|41/100|[from] Spikes
|
|-heal|p2a: Raikou|47/100|[from] item: Leftovers
|-heal|p1a: Scizor|31/100|[from] item: Leftovers
|upkeep
|turn|34
|
|t:|1711914393
|move|p2a: Raikou|Hidden Power|p1a: Scizor
|-damage|p1a: Scizor|12/100
|move|p1a: Scizor|Hidden Power|p2a: Raikou
|-damage|p2a: Raikou|16/100
|
|-heal|p2a: Raikou|22/100|[from] item: Leftovers
|-heal|p1a: Scizor|18/100|[from] item: Leftovers
|upkeep
|turn|35
|
|t:|1711914403
|move|p2a: Raikou|Rest|p2a: Raikou
|-status|p2a: Raikou|slp|[from] move: Rest
|-heal|p2a: Raikou|100/100 slp|[silent]
|move|p1a: Scizor|Hidden Power|p2a: Raikou
|-damage|p2a: Raikou|68/100 slp
|
|-heal|p2a: Raikou|74/100 slp|[from] item: Leftovers
|-heal|p1a: Scizor|24/100|[from] item: Leftovers
|upkeep
|turn|36
|
|t:|1711914414
|cant|p2a: Raikou|slp
|move|p2a: Raikou|Sleep Talk|p2a: Raikou
|move|p2a: Raikou|Hidden Power|p1a: Scizor|[from]Sleep Talk
|-damage|p1a: Scizor|5/100
|move|p1a: Scizor|Agility|p1a: Scizor
|-boost|p1a: Scizor|spe|2
|
|-heal|p1a: Scizor|11/100|[from] item: Leftovers
|-heal|p2a: Raikou|80/100 slp|[from] item: Leftovers
|upkeep
|turn|37
|
|t:|1711914428
|move|p1a: Scizor|Baton Pass|p1a: Scizor
|
|t:|1711914431
|switch|p1a: Marowak|Marowak, M|30/100|[from] Baton Pass
|cant|p2a: Raikou|slp
|move|p2a: Raikou|Sleep Talk|p2a: Raikou
|move|p2a: Raikou|Rest|p2a: Raikou|[from]Sleep Talk
|-status|p2a: Raikou|slp|[from] move: Rest
|-heal|p2a: Raikou|100/100 slp|[silent]
|
|upkeep
|turn|38
|
|t:|1711914443
|switch|p2a: Skarmory|Skarmory, M|19/100 par
|move|p1a: Marowak|Substitute|p1a: Marowak
|-start|p1a: Marowak|Substitute
|-damage|p1a: Marowak|5/100
|
|-heal|p2a: Skarmory|25/100 par|[from] item: Leftovers
|upkeep
|turn|39
|
|t:|1711914451
|move|p1a: Marowak|Rock Slide|p2a: Skarmory
|-damage|p2a: Skarmory|1/100 par
|cant|p2a: Skarmory|flinch
|
|-heal|p2a: Skarmory|7/100 par|[from] item: Leftovers
|upkeep
|turn|40
|
|t:|1711914461
|move|p1a: Marowak|Rock Slide|p2a: Skarmory
|-damage|p2a: Skarmory|0 fnt
|faint|p2a: Skarmory
|
|t:|1711914466
|switch|p2a: Raikou|Raikou|100/100 slp
|-damage|p2a: Raikou|88/100 slp|[from] Spikes
|
|-heal|p2a: Raikou|94/100 slp|[from] item: Leftovers
|upkeep
|turn|41
|
|t:|1711914473
|move|p1a: Marowak|Earthquake|p2a: Raikou
|-supereffective|p2a: Raikou
|-damage|p2a: Raikou|0 fnt
|faint|p2a: Raikou
|
|win|dragonmaster441
|raw|dragonmaster441's rating: 1065 &rarr; <strong>1098</strong><br />(+33 for winning)
|raw|kadowado's rating: 1101 &rarr; <strong>1073</strong><br />(-28 for losing)
|c|☆dragonmaster441|gg
|l|☆kadowado
|player|p2|
