|j|☆ULTRA MEGA TARD
|j|☆Ndangane
|t:|1711906285
|gametype|singles
|player|p1|ULTRA MEGA TARD|crasherwake|1152
|player|p2|Ndangane|pokefan-gen4|1195
|teamsize|p1|6
|teamsize|p2|6
|gen|2
|tier|[Gen 2] OU
|rated|
|rule|Sleep Clause Mod: Limit one foe put to sleep
|rule|Freeze Clause Mod: Limit one foe frozen
|rule|Species Clause: Limit one of each Pokémon
|rule|OHKO Clause: OHKO moves are banned
|rule|Evasion Items Clause: Evasion items are banned
|rule|Evasion Moves Clause: Evasion moves are banned
|rule|Endless Battle Clause: Forcing endless battles is banned
|rule|HP Percentage Mod: HP is shown in percentages
|
|t:|1711906285
|start
|switch|p1a: Snorlax|Snorlax, M|100/100
|switch|p2a: The What|Exeggutor, M|100/100
|turn|1
|inactive|Battle timer is ON: inactive players will automatically lose when time's up. (requested by ULTRA MEGA TARD)
|
|t:|1711906291
|move|p2a: The What|Sleep Powder|p1a: Snorlax
|-status|p1a: Snorlax|slp|[from] move: Sleep Powder
|cant|p1a: Snorlax|slp
|
|upkeep
|turn|2
|
|t:|1711906302
|switch|p2a: Juicy|Cloyster, M|100/100
|switch|p1a: Tyranitar|Tyranitar, M|100/100
|
|upkeep
|turn|3
|
|t:|1711906306
|move|p2a: Juicy|Spikes|p1a: Tyranitar
|-sidestart|p1: ULTRA MEGA TARD|Spikes
|move|p1a: Tyranitar|Rock Slide|p2a: Juicy
|-supereffective|p2a: Juicy
|-damage|p2a: Juicy|54/100
|
|-heal|p2a: Juicy|60/100|[from] item: Leftovers
|upkeep
|turn|4
|
|t:|1711906316
|switch|p2a: Suicidal Thoughts|Steelix, M|100/100
|switch|p1a: Cloyster|Cloyster, M|100/100
|-damage|p1a: Cloyster|88/100|[from] Spikes
|
|-heal|p1a: Cloyster|94/100|[from] item: Leftovers
|upkeep
|turn|5
|
|t:|1711906323
|switch|p2a: Hypnotize|Gengar, M|100/100
|move|p1a: Cloyster|Spikes|p2a: Hypnotize
|-sidestart|p2: Ndangane|Spikes
|
|-heal|p1a: Cloyster|99/100|[from] item: Leftovers
|upkeep
|turn|6
|
|t:|1711906331
|switch|p1a: Nidoking|Nidoking, M|100/100
|-damage|p1a: Nidoking|88/100|[from] Spikes
|move|p2a: Hypnotize|Dynamic Punch|p1a: Nidoking|[miss]
|-miss|p2a: Hypnotize
|
|-heal|p1a: Nidoking|94/100|[from] item: Leftovers
|upkeep
|turn|7
|
|t:|1711906342
|switch|p2a: Warning|Zapdos|100/100
|move|p1a: Nidoking|Earthquake|p2a: Warning
|-immune|p2a: Warning
|
|-heal|p1a: Nidoking|99/100|[from] item: Leftovers
|upkeep
|turn|8
|
|t:|1711906351
|move|p2a: Warning|Hidden Power|p1a: Nidoking
|-supereffective|p1a: Nidoking
|-damage|p1a: Nidoking|56/100
|move|p1a: Nidoking|Ice Beam|p2a: Warning
|-supereffective|p2a: Warning
|-damage|p2a: Warning|65/100
|
|-heal|p2a: Warning|71/100|[from] item: Leftovers
|-heal|p1a: Nidoking|62/100|[from] item: Leftovers
|upkeep
|turn|9
|
|t:|1711906364
|move|p2a: Warning|Hidden Power|p1a: Nidoking
|-supereffective|p1a: Nidoking
|-damage|p1a: Nidoking|19/100
|move|p1a: Nidoking|Lovely Kiss|p2a: Warning
|-status|p2a: Warning|slp|[from] move: Lovely Kiss
|
|-heal|p2a: Warning|77/100 slp|[from] item: Leftovers
|-heal|p1a: Nidoking|25/100|[from] item: Leftovers
|upkeep
|turn|10
|
|t:|1711906380
|switch|p2a: Big Poppa|Snorlax, M|100/100
|-damage|p2a: Big Poppa|88/100|[from] Spikes
|switch|p1a: Gengar|Gengar, M|100/100
|-damage|p1a: Gengar|88/100|[from] Spikes
|
|-heal|p1a: Gengar|94/100|[from] item: Leftovers
|-heal|p2a: Big Poppa|94/100|[from] item: Leftovers
|upkeep
|turn|11
|
|t:|1711906387
|move|p1a: Gengar|Dynamic Punch|p2a: Big Poppa
|-crit|p2a: Big Poppa
|-supereffective|p2a: Big Poppa
|-damage|p2a: Big Poppa|31/100
|-start|p2a: Big Poppa|confusion
|-activate|p2a: Big Poppa|confusion
|move|p2a: Big Poppa|Earthquake|p1a: Gengar
|-supereffective|p1a: Gengar
|-damage|p1a: Gengar|13/100
|
|-heal|p1a: Gengar|19/100|[from] item: Leftovers
|-heal|p2a: Big Poppa|37/100|[from] item: Leftovers
|upkeep
|turn|12
|
|t:|1711906407
|switch|p2a: The What|Exeggutor, M|100/100
|-damage|p2a: The What|88/100|[from] Spikes
|move|p1a: Gengar|Thunder|p2a: The What
|-resisted|p2a: The What
|-damage|p2a: The What|70/100
|-status|p2a: The What|par
|
|-heal|p1a: Gengar|25/100|[from] item: Leftovers
|-heal|p2a: The What|76/100 par|[from] item: Leftovers
|upkeep
|turn|13
|
|t:|1711906428
|switch|p1a: Snorlax|Snorlax, M|100/100 slp
|-damage|p1a: Snorlax|88/100 slp|[from] Spikes
|cant|p2a: The What|par
|
|-heal|p1a: Snorlax|94/100 slp|[from] item: Leftovers
|-heal|p2a: The What|82/100 par|[from] item: Leftovers
|upkeep
|turn|14
|
|t:|1711906434
|switch|p1a: Tyranitar|Tyranitar, M|100/100
|-damage|p1a: Tyranitar|88/100|[from] Spikes
|cant|p2a: The What|par
|
|-heal|p1a: Tyranitar|94/100|[from] item: Leftovers
|-heal|p2a: The What|89/100 par|[from] item: Leftovers
|upkeep
|turn|15
|
|t:|1711906440
|move|p1a: Tyranitar|Crunch|p2a: The What
|-supereffective|p2a: The What
|-damage|p2a: The What|26/100 par
|move|p2a: The What|Giga Drain|p1a: Tyranitar
|-crit|p1a: Tyranitar
|-supereffective|p1a: Tyranitar
|-damage|p1a: Tyranitar|9/100
|-heal|p2a: The What|70/100 par|[from] drain|[of] p1a: Tyranitar
|
|-heal|p1a: Tyranitar|15/100|[from] item: Leftovers
|-heal|p2a: The What|76/100 par|[from] item: Leftovers
|upkeep
|turn|16
|
|t:|1711906457
|switch|p2a: Suicidal Thoughts|Steelix, M|100/100
|-damage|p2a: Suicidal Thoughts|88/100|[from] Spikes
|move|p1a: Tyranitar|Crunch|p2a: Suicidal Thoughts
|-resisted|p2a: Suicidal Thoughts
|-damage|p2a: Suicidal Thoughts|73/100
|
|-heal|p1a: Tyranitar|21/100|[from] item: Leftovers
|-heal|p2a: Suicidal Thoughts|79/100|[from] item: Leftovers
|upkeep
|turn|17
|
|t:|1711906467
|switch|p1a: Zapdos|Zapdos|100/100
|move|p2a: Suicidal Thoughts|Earthquake|p1a: Zapdos
|-immune|p1a: Zapdos
|
|-heal|p2a: Suicidal Thoughts|85/100|[from] item: Leftovers
|upkeep
|turn|18
|
|t:|1711906478
|move|p1a: Zapdos|Hidden Power|p2a: Suicidal Thoughts
|-supereffective|p2a: Suicidal Thoughts
|-damage|p2a: Suicidal Thoughts|34/100
|move|p2a: Suicidal Thoughts|Curse|p2a: Suicidal Thoughts
|-unboost|p2a: Suicidal Thoughts|spe|1
|-boost|p2a: Suicidal Thoughts|atk|1
|-boost|p2a: Suicidal Thoughts|def|1
|
|-heal|p2a: Suicidal Thoughts|41/100|[from] item: Leftovers
|upkeep
|turn|19
|
|t:|1711906487
|move|p2a: Suicidal Thoughts|Earthquake|p1a: Zapdos
|-immune|p1a: Zapdos
|move|p1a: Zapdos|Whirlwind|p2a: Suicidal Thoughts
|drag|p2a: Hypnotize|Gengar, M|100/100
|-damage|p2a: Hypnotize|88/100|[from] Spikes
|
|-heal|p2a: Hypnotize|94/100|[from] item: Leftovers
|upkeep
|turn|20
|
|t:|1711906495
|move|p2a: Hypnotize|Ice Punch|p1a: Zapdos
|-supereffective|p1a: Zapdos
|-damage|p1a: Zapdos|62/100
|move|p1a: Zapdos|Thunder|p2a: Hypnotize
|-damage|p2a: Hypnotize|32/100
|-status|p2a: Hypnotize|par
|
|-heal|p2a: Hypnotize|39/100 par|[from] item: Leftovers
|upkeep
|turn|21
|
|t:|1711906507
|switch|p2a: The What|Exeggutor, M|76/100 par
|-damage|p2a: The What|64/100 par|[from] Spikes
|move|p1a: Zapdos|Thunderbolt|p2a: The What
|-resisted|p2a: The What
|-damage|p2a: The What|38/100 par
|
|-heal|p2a: The What|44/100 par|[from] item: Leftovers
|upkeep
|turn|22
|
|t:|1711906520
|switch|p1a: Cloyster|Cloyster, M|99/100
|-damage|p1a: Cloyster|88/100|[from] Spikes
|move|p2a: The What|Explosion|p1a: Cloyster
|-damage|p1a: Cloyster|2/100
|faint|p2a: The What
|
|t:|1711906533
|switch|p2a: Juicy|Cloyster, M|60/100
|-damage|p2a: Juicy|48/100|[from] Spikes
|
|-heal|p1a: Cloyster|8/100|[from] item: Leftovers
|-heal|p2a: Juicy|54/100|[from] item: Leftovers
|upkeep
|turn|23
|
|t:|1711906536
|move|p2a: Juicy|Surf|p1a: Cloyster
|-resisted|p1a: Cloyster
|-damage|p1a: Cloyster|0 fnt
|faint|p1a: Cloyster
|
|t:|1711906555
|switch|p1a: Zapdos|Zapdos|62/100
|
|-heal|p2a: Juicy|60/100|[from] item: Leftovers
|upkeep
|turn|24
|j| Jotape90
|
|t:|1711906558
|move|p1a: Zapdos|Thunderbolt|p2a: Juicy
|-supereffective|p2a: Juicy
|-damage|p2a: Juicy|0 fnt
|faint|p2a: Juicy
|
|t:|1711906561
|switch|p2a: Suicidal Thoughts|Steelix, M|41/100
|-damage|p2a: Suicidal Thoughts|28/100|[from] Spikes
|
|-heal|p2a: Suicidal Thoughts|34/100|[from] item: Leftovers
|upkeep
|turn|25
|
|t:|1711906566
|move|p1a: Zapdos|Hidden Power|p2a: Suicidal Thoughts
|-supereffective|p2a: Suicidal Thoughts
|-damage|p2a: Suicidal Thoughts|0 fnt
|faint|p2a: Suicidal Thoughts
|
|t:|1711906572
|switch|p2a: Big Poppa|Snorlax, M|37/100
|-damage|p2a: Big Poppa|24/100|[from] Spikes
|
|-heal|p2a: Big Poppa|31/100|[from] item: Leftovers
|upkeep
|turn|26
|
|t:|1711906576
|move|p1a: Zapdos|Thunder|p2a: Big Poppa
|-damage|p2a: Big Poppa|0 fnt
|faint|p2a: Big Poppa
|-message|Ndangane forfeited.
|
|win|ULTRA MEGA TARD
|raw|ULTRA MEGA TARD's rating: 1152 &rarr; <strong>1180</strong><br />(+28 for winning)
|raw|Ndangane's rating: 1195 &rarr; <strong>1167</strong><br />(-28 for losing)
|l|☆Ndangane
|player|p2|
