{"id":"gen2ou-2093243765","format":"[Gen 2] OU","players":["LuckiLlamas","gxbeef1"],"log":"|j|\u2606LuckiLlamas\n|j|\u2606gxbeef1\n|t:|1711929502\n|gametype|singles\n|player|p1|LuckiLlamas|linebacker|\n|player|p2|gxbeef1|101|\n|teamsize|p1|6\n|teamsize|p2|6\n|gen|2\n|tier|[Gen 2] OU\n|rule|Sleep Clause Mod: Limit one foe put to sleep\n|rule|Freeze Clause Mod: Limit one foe frozen\n|rule|Species Clause: Limit one of each Pok\u00e9mon\n|rule|OHKO Clause: OHKO moves are banned\n|rule|Evasion Items Clause: Evasion items are banned\n|rule|Evasion Moves Clause: Evasion moves are banned\n|rule|Endless Battle Clause: Forcing endless battles is banned\n|rule|HP Percentage Mod: HP is shown in percentages\n|\n|t:|1711929502\n|start\n|switch|p1a: Electrode|Electrode|100\/100\n|switch|p2a: Even Bluer Dude|Vaporeon, M|100\/100\n|turn|1\n|j| freekruler99\n|\n|t:|1711929519\n|move|p1a: Electrode|Thunder Wave|p2a: Even Bluer Dude\n|-status|p2a: Even Bluer Dude|par\n|move|p2a: Even Bluer Dude|Surf|p1a: Electrode\n|-damage|p1a: Electrode|56\/100\n|\n|-heal|p1a: Electrode|62\/100|[from] item: Leftovers\n|upkeep\n|turn|2\n|\n|t:|1711929551\n|move|p1a: Electrode|Thunderbolt|p2a: Even Bluer Dude\n|-supereffective|p2a: Even Bluer Dude\n|-damage|p2a: Even Bluer Dude|58\/100 par\n|cant|p2a: Even Bluer Dude|par\n|\n|-heal|p1a: Electrode|69\/100|[from] item: Leftovers\n|-heal|p2a: Even Bluer Dude|64\/100 par|[from] item: Leftovers\n|upkeep\n|turn|3\n|\n|t:|1711929574\n|switch|p2a: Dino Looking Dude|Marowak, M|100\/100\n|move|p1a: Electrode|Thunderbolt|p2a: Dino Looking Dude\n|-immune|p2a: Dino Looking Dude\n|\n|-heal|p1a: Electrode|75\/100|[from] item: Leftovers\n|upkeep\n|turn|4\n|j| Zachary.wiles\n|l|\u2606LuckiLlamas\n|player|p1|\n|j|\u2606LuckiLlamas\n|player|p1|LuckiLlamas|linebacker\n|\n|t:|1711929597\n|move|p1a: Electrode|Hidden Power|p2a: Dino Looking Dude\n|-supereffective|p2a: Dino Looking Dude\n|-damage|p2a: Dino Looking Dude|66\/100\n|move|p2a: Dino Looking Dude|Swords Dance|p2a: Dino Looking Dude\n|-boost|p2a: Dino Looking Dude|atk|2\n|\n|-heal|p1a: Electrode|81\/100|[from] item: Leftovers\n|upkeep\n|turn|5\n|\n|t:|1711929611\n|move|p1a: Electrode|Explosion|p2a: Dino Looking Dude\n|-crit|p2a: Dino Looking Dude\n|-damage|p2a: Dino Looking Dude|0 fnt\n|faint|p1a: Electrode\n|faint|p2a: Dino Looking Dude\n|\n|t:|1711929623\n|switch|p1a: Vileplume|Vileplume, M|100\/100\n|switch|p2a: Red Dude|Charmeleon, M|100\/100\n|\n|upkeep\n|turn|6\n|\n|t:|1711929636\n|switch|p1a: Tentacruel|Tentacruel, M|100\/100\n|move|p2a: Red Dude|Sunny Day|p2a: Red Dude\n|-weather|SunnyDay\n|\n|-weather|SunnyDay|[upkeep]\n|upkeep\n|turn|7\n|\n|t:|1711929646\n|move|p1a: Tentacruel|Substitute|p1a: Tentacruel\n|-start|p1a: Tentacruel|Substitute\n|-damage|p1a: Tentacruel|76\/100\n|move|p2a: Red Dude|Fire Blast|p1a: Tentacruel\n|-resisted|p1a: Tentacruel\n|-activate|p1a: Tentacruel|Substitute|[damage]\n|\n|-weather|SunnyDay|[upkeep]\n|-heal|p1a: Tentacruel|82\/100|[from] item: Leftovers\n|upkeep\n|turn|8\n|\n|t:|1711929664\n|move|p1a: Tentacruel|Swords Dance|p1a: Tentacruel\n|-boost|p1a: Tentacruel|atk|2\n|move|p2a: Red Dude|Toxic|p1a: Tentacruel\n|-activate|p1a: Tentacruel|Substitute|[block] Toxic\n|\n|-weather|SunnyDay|[upkeep]\n|-heal|p1a: Tentacruel|88\/100|[from] item: Leftovers\n|upkeep\n|turn|9\n|\n|t:|1711929673\n|switch|p2a: Even Bluer Dude|Vaporeon, M|64\/100 par\n|move|p1a: Tentacruel|Swords Dance|p1a: Tentacruel\n|-boost|p1a: Tentacruel|atk|2\n|\n|-weather|SunnyDay|[upkeep]\n|-heal|p1a: Tentacruel|94\/100|[from] item: Leftovers\n|-heal|p2a: Even Bluer Dude|70\/100 par|[from] item: Leftovers\n|upkeep\n|turn|10\n|\n|t:|1711929684\n|move|p1a: Tentacruel|Sludge Bomb|p2a: Even Bluer Dude\n|-damage|p2a: Even Bluer Dude|0 fnt\n|faint|p2a: Even Bluer Dude\n|\n|t:|1711929691\n|switch|p2a: Blue dude|Poliwrath, M|100\/100\n|\n|-weather|none\n|-heal|p1a: Tentacruel|100\/100|[from] item: Leftovers\n|upkeep\n|turn|11\n|\n|t:|1711929697\n|move|p1a: Tentacruel|Sludge Bomb|p2a: Blue dude\n|-damage|p2a: Blue dude|35\/100\n|move|p2a: Blue dude|Lovely Kiss|p1a: Tentacruel\n|-activate|p1a: Tentacruel|Substitute|[block] Lovely Kiss\n|\n|-heal|p2a: Blue dude|41\/100|[from] item: Leftovers\n|upkeep\n|turn|12\n|\n|t:|1711929742\n|switch|p2a: Green Dude|Venusaur, M|100\/100\n|move|p1a: Tentacruel|Sludge Bomb|p2a: Green Dude\n|-damage|p2a: Green Dude|22\/100\n|\n|-heal|p2a: Green Dude|29\/100|[from] item: Leftovers\n|upkeep\n|turn|13\n|\n|t:|1711929774\n|switch|p2a: Long Ass Hair|Piloswine, M|100\/100\n|move|p1a: Tentacruel|Sludge Bomb|p2a: Long Ass Hair\n|-resisted|p2a: Long Ass Hair\n|-damage|p2a: Long Ass Hair|64\/100\n|\n|-heal|p2a: Long Ass Hair|70\/100|[from] item: Leftovers\n|upkeep\n|turn|14\n|\n|t:|1711929788\n|move|p1a: Tentacruel|Surf|p2a: Long Ass Hair\n|-supereffective|p2a: Long Ass Hair\n|-damage|p2a: Long Ass Hair|3\/100\n|move|p2a: Long Ass Hair|Earthquake|p1a: Tentacruel\n|-supereffective|p1a: Tentacruel\n|-end|p1a: Tentacruel|Substitute\n|\n|-heal|p2a: Long Ass Hair|9\/100|[from] item: Leftovers\n|upkeep\n|turn|15\n|\n|t:|1711929814\n|move|p1a: Tentacruel|Surf|p2a: Long Ass Hair\n|-supereffective|p2a: Long Ass Hair\n|-damage|p2a: Long Ass Hair|0 fnt\n|faint|p2a: Long Ass Hair\n|\n|t:|1711929824\n|switch|p2a: Red Dude|Charmeleon, M|100\/100\n|\n|upkeep\n|turn|16\n|\n|t:|1711929837\n|move|p1a: Tentacruel|Surf|p2a: Red Dude\n|-supereffective|p2a: Red Dude\n|-damage|p2a: Red Dude|14\/100\n|move|p2a: Red Dude|Hidden Power|p1a: Tentacruel\n|-damage|p1a: Tentacruel|85\/100\n|\n|-heal|p1a: Tentacruel|91\/100|[from] item: Leftovers\n|-heal|p2a: Red Dude|20\/100|[from] item: Leftovers\n|upkeep\n|turn|17\n|\n|t:|1711929846\n|switch|p2a: Blue dude|Poliwrath, M|41\/100\n|move|p1a: Tentacruel|Surf|p2a: Blue dude\n|-resisted|p2a: Blue dude\n|-damage|p2a: Blue dude|28\/100\n|\n|-heal|p1a: Tentacruel|97\/100|[from] item: Leftovers\n|-heal|p2a: Blue dude|34\/100|[from] item: Leftovers\n|upkeep\n|turn|18\n|\n|t:|1711929856\n|move|p1a: Tentacruel|Sludge Bomb|p2a: Blue dude\n|-damage|p2a: Blue dude|0 fnt\n|faint|p2a: Blue dude\n|\n|t:|1711929860\n|switch|p2a: Red Dude|Charmeleon, M|20\/100\n|\n|-heal|p1a: Tentacruel|100\/100|[from] item: Leftovers\n|-heal|p2a: Red Dude|27\/100|[from] item: Leftovers\n|upkeep\n|turn|19\n|\n|t:|1711929876\n|move|p1a: Tentacruel|Surf|p2a: Red Dude\n|-supereffective|p2a: Red Dude\n|-damage|p2a: Red Dude|0 fnt\n|faint|p2a: Red Dude\n|c|\u2606gxbeef1|one move ruined me\n|\n|t:|1711929887\n|switch|p2a: Green Dude|Venusaur, M|29\/100\n|\n|-heal|p2a: Green Dude|35\/100|[from] item: Leftovers\n|upkeep\n|turn|20\n|\n|t:|1711929900\n|move|p1a: Tentacruel|Sludge Bomb|p2a: Green Dude\n|-damage|p2a: Green Dude|0 fnt\n|faint|p2a: Green Dude\n|\n|win|LuckiLlamas\n|c|\u2606gxbeef1|gg\n|l|\u2606LuckiLlamas\n|player|p1|\n","uploadtime":1711929907,"views":17,"formatid":"gen2ou","rating":null,"private":0,"password":null}