{"id":"gen2ou-2093094423","format":"[Gen 2] OU","players":["supersayandraft","barbie rockstar"],"log":"|j|\u2606supersayandraft\n|j|\u2606barbie rockstar\n|t:|1711912351\n|gametype|singles\n|player|p1|supersayandraft|169|\n|player|p2|barbie rockstar|102|\n|teamsize|p1|6\n|teamsize|p2|6\n|gen|2\n|tier|[Gen 2] OU\n|rule|Sleep Clause Mod: Limit one foe put to sleep\n|rule|Freeze Clause Mod: Limit one foe frozen\n|rule|Species Clause: Limit one of each Pok\u00e9mon\n|rule|OHKO Clause: OHKO moves are banned\n|rule|Evasion Items Clause: Evasion items are banned\n|rule|Evasion Moves Clause: Evasion moves are banned\n|rule|Endless Battle Clause: Forcing endless battles is banned\n|rule|HP Percentage Mod: HP is shown in percentages\n|\n|t:|1711912351\n|start\n|switch|p1a: Alakazam|Alakazam, M|100\/100\n|switch|p2a: Aerodactyl|Aerodactyl, M|100\/100\n|turn|1\n|c|\u2606barbie rockstar|hf\n|c|\u2606supersayandraft|hf\n|\n|t:|1711912377\n|move|p2a: Aerodactyl|Ancient Power|p1a: Alakazam\n|-crit|p1a: Alakazam\n|-damage|p1a: Alakazam|27\/100\n|move|p1a: Alakazam|Psychic|p2a: Aerodactyl\n|-damage|p2a: Aerodactyl|52\/100\n|\n|upkeep\n|turn|2\n|\n|t:|1711912385\n|switch|p1a: Azumarill|Azumarill, M|100\/100\n|move|p2a: Aerodactyl|Ancient Power|p1a: Azumarill\n|-damage|p1a: Azumarill|76\/100\n|\n|-heal|p1a: Azumarill|83\/100|[from] item: Leftovers\n|upkeep\n|turn|3\n|\n|t:|1711912394\n|switch|p2a: Hypno|Hypno, M|100\/100\n|move|p1a: Azumarill|Whirlpool|p2a: Hypno\n|-damage|p2a: Hypno|98\/100\n|-activate|p2a: Hypno|move: Whirlpool|[of] p1a: Azumarill\n|\n|-damage|p2a: Hypno|91\/100|[from] move: Whirlpool|[partiallytrapped]\n|-heal|p1a: Azumarill|89\/100|[from] item: Leftovers\n|upkeep\n|turn|4\n|\n|t:|1711912403\n|move|p2a: Hypno|Thunder Punch|p1a: Azumarill\n|-supereffective|p1a: Azumarill\n|-damage|p1a: Azumarill|61\/100\n|move|p1a: Azumarill|Perish Song|p1a: Azumarill\n|-start|p1a: Azumarill|perish3|[silent]\n|-start|p2a: Hypno|perish3|[silent]\n|-fieldactivate|move: Perish Song\n|\n|-damage|p2a: Hypno|85\/100|[from] move: Whirlpool|[partiallytrapped]\n|-start|p2a: Hypno|perish3\n|-start|p1a: Azumarill|perish3\n|-heal|p1a: Azumarill|67\/100|[from] item: Leftovers\n|upkeep\n|turn|5\n|c|\u2606barbie rockstar|sans deconner ?\n|\n|t:|1711912418\n|move|p2a: Hypno|Thunder Punch|p1a: Azumarill\n|-supereffective|p1a: Azumarill\n|-damage|p1a: Azumarill|37\/100\n|move|p1a: Azumarill|Rest|p1a: Azumarill\n|-status|p1a: Azumarill|slp|[from] move: Rest\n|-heal|p1a: Azumarill|100\/100 slp|[silent]\n|\n|-damage|p2a: Hypno|79\/100|[from] move: Whirlpool|[partiallytrapped]\n|-start|p2a: Hypno|perish2\n|-start|p1a: Azumarill|perish2\n|upkeep\n|turn|6\n|\n|t:|1711912432\n|move|p2a: Hypno|Thunder Punch|p1a: Azumarill\n|-supereffective|p1a: Azumarill\n|-damage|p1a: Azumarill|73\/100 slp\n|cant|p1a: Azumarill|slp\n|\n|-damage|p2a: Hypno|73\/100|[from] move: Whirlpool|[partiallytrapped]\n|-start|p2a: Hypno|perish1\n|-start|p1a: Azumarill|perish1\n|-heal|p1a: Azumarill|79\/100 slp|[from] item: Leftovers\n|upkeep\n|turn|7\n|\n|t:|1711912445\n|switch|p1a: Raichu|Raichu, M|100\/100\n|move|p2a: Hypno|Psychic|p1a: Raichu\n|-damage|p1a: Raichu|70\/100\n|\n|-end|p2a: Hypno|Whirlpool|[partiallytrapped]\n|-start|p2a: Hypno|perish0\n|upkeep\n|faint|p2a: Hypno\n|\n|t:|1711912453\n|switch|p2a: Aerodactyl|Aerodactyl, M|52\/100\n|turn|8\n|\n|t:|1711912465\n|switch|p1a: Azumarill|Azumarill, M|79\/100 slp\n|move|p2a: Aerodactyl|Earthquake|p1a: Azumarill\n|-damage|p1a: Azumarill|55\/100 slp\n|\n|-heal|p1a: Azumarill|62\/100 slp|[from] item: Leftovers\n|upkeep\n|turn|9\n|\n|t:|1711912475\n|switch|p2a: Lanturn|Lanturn, M|100\/100\n|cant|p1a: Azumarill|slp\n|move|p1a: Azumarill|Sleep Talk|p1a: Azumarill\n|move|p1a: Azumarill|Rest|p1a: Azumarill|[from]Sleep Talk\n|-status|p1a: Azumarill|slp|[from] move: Rest\n|-heal|p1a: Azumarill|100\/100 slp|[silent]\n|\n|upkeep\n|turn|10\n|\n|t:|1711912488\n|switch|p1a: Victreebel|Victreebel, M|100\/100\n|move|p2a: Lanturn|Thunderbolt|p1a: Victreebel\n|-resisted|p1a: Victreebel\n|-damage|p1a: Victreebel|80\/100\n|\n|upkeep\n|turn|11\n|\n|t:|1711912501\n|switch|p2a: Jumpluff|Jumpluff, M|100\/100\n|move|p1a: Victreebel|Substitute|p1a: Victreebel\n|-start|p1a: Victreebel|Substitute\n|-damage|p1a: Victreebel|55\/100\n|\n|upkeep\n|turn|12\n|\n|t:|1711912508\n|move|p2a: Jumpluff|Hidden Power|p1a: Victreebel\n|-supereffective|p1a: Victreebel\n|-end|p1a: Victreebel|Substitute\n|move|p1a: Victreebel|Sludge Bomb|p2a: Jumpluff\n|-supereffective|p2a: Jumpluff\n|-damage|p2a: Jumpluff|3\/100\n|\n|upkeep\n|turn|13\n|\n|t:|1711912522\n|switch|p1a: Raichu|Raichu, M|70\/100\n|move|p2a: Jumpluff|Hidden Power|p1a: Raichu\n|-crit|p1a: Raichu\n|-resisted|p1a: Raichu\n|-damage|p1a: Raichu|43\/100\n|\n|upkeep\n|turn|14\n|\n|t:|1711912534\n|move|p2a: Jumpluff|Giga Drain|p1a: Raichu\n|-damage|p1a: Raichu|24\/100\n|-heal|p2a: Jumpluff|11\/100|[from] drain|[of] p1a: Raichu\n|move|p1a: Raichu|Thunderbolt|p2a: Jumpluff\n|-damage|p2a: Jumpluff|0 fnt\n|faint|p2a: Jumpluff\n|\n|t:|1711912541\n|switch|p2a: Aerodactyl|Aerodactyl, M|52\/100\n|\n|upkeep\n|turn|15\n|\n|t:|1711912546\n|switch|p1a: Azumarill|Azumarill, M|100\/100 slp\n|move|p2a: Aerodactyl|Earthquake|p1a: Azumarill\n|-damage|p1a: Azumarill|79\/100 slp\n|\n|-heal|p1a: Azumarill|85\/100 slp|[from] item: Leftovers\n|upkeep\n|turn|16\n|\n|t:|1711912553\n|switch|p2a: Lanturn|Lanturn, M|100\/100\n|cant|p1a: Azumarill|slp\n|move|p1a: Azumarill|Sleep Talk|p1a: Azumarill\n|move|p1a: Azumarill|Whirlpool|p2a: Lanturn|[from]Sleep Talk\n|-resisted|p2a: Lanturn\n|-damage|p2a: Lanturn|99\/100\n|-activate|p2a: Lanturn|move: Whirlpool|[of] p1a: Azumarill\n|\n|-damage|p2a: Lanturn|93\/100|[from] move: Whirlpool|[partiallytrapped]\n|-heal|p1a: Azumarill|92\/100 slp|[from] item: Leftovers\n|upkeep\n|turn|17\n|\n|t:|1711912565\n|switch|p1a: Victreebel|Victreebel, M|55\/100\n|move|p2a: Lanturn|Thunderbolt|p1a: Victreebel\n|-resisted|p1a: Victreebel\n|-damage|p1a: Victreebel|35\/100\n|\n|upkeep\n|turn|18\n|\n|t:|1711912594\n|move|p1a: Victreebel|Giga Drain|p2a: Lanturn\n|-supereffective|p2a: Lanturn\n|-damage|p2a: Lanturn|53\/100\n|-heal|p1a: Victreebel|60\/100|[from] drain|[of] p2a: Lanturn\n|move|p2a: Lanturn|Ice Beam|p1a: Victreebel\n|-supereffective|p1a: Victreebel\n|-damage|p1a: Victreebel|16\/100\n|-status|p1a: Victreebel|frz\n|\n|-curestatus|p1a: Victreebel|frz|[msg]\n|upkeep\n|turn|19\n|c|\u2606supersayandraft|l'ascensceur \u00e9motionnel\n|\n|t:|1711912633\n|move|p1a: Victreebel|Sleep Powder|p2a: Lanturn\n|-status|p2a: Lanturn|slp|[from] move: Sleep Powder\n|cant|p2a: Lanturn|slp\n|\n|upkeep\n|turn|20\n|\n|t:|1711912651\n|switch|p2a: Aerodactyl|Aerodactyl, M|52\/100\n|move|p1a: Victreebel|Giga Drain|p2a: Aerodactyl\n|-damage|p2a: Aerodactyl|26\/100\n|-heal|p1a: Victreebel|29\/100|[from] drain|[of] p2a: Aerodactyl\n|\n|upkeep\n|turn|21\n|\n|t:|1711912660\n|switch|p1a: Azumarill|Azumarill, M|92\/100 slp\n|move|p2a: Aerodactyl|Hidden Power|p1a: Azumarill\n|-damage|p1a: Azumarill|67\/100 slp\n|\n|-heal|p1a: Azumarill|74\/100 slp|[from] item: Leftovers\n|upkeep\n|turn|22\n|\n|t:|1711912672\n|move|p2a: Aerodactyl|Ancient Power|p1a: Azumarill\n|-damage|p1a: Azumarill|50\/100 slp\n|cant|p1a: Azumarill|slp\n|move|p1a: Azumarill|Sleep Talk|p1a: Azumarill\n|move|p1a: Azumarill|Whirlpool|p2a: Aerodactyl|[from]Sleep Talk\n|-crit|p2a: Aerodactyl\n|-supereffective|p2a: Aerodactyl\n|-damage|p2a: Aerodactyl|9\/100\n|-activate|p2a: Aerodactyl|move: Whirlpool|[of] p1a: Azumarill\n|\n|-damage|p2a: Aerodactyl|3\/100|[from] move: Whirlpool|[partiallytrapped]\n|-heal|p1a: Azumarill|56\/100 slp|[from] item: Leftovers\n|upkeep\n|turn|23\n|\n|t:|1711912684\n|-curestatus|p1a: Azumarill|slp|[msg]\n|move|p1a: Azumarill|Rest|p1a: Azumarill\n|-status|p1a: Azumarill|slp|[from] move: Rest\n|-heal|p1a: Azumarill|100\/100 slp|[silent]\n|move|p2a: Aerodactyl|Roar|p1a: Azumarill\n|drag|p1a: Victreebel|Victreebel, M|29\/100\n|\n|upkeep\n|turn|24\n|\n|t:|1711912698\n|switch|p1a: Azumarill|Azumarill, M|100\/100 slp\n|move|p2a: Aerodactyl|Hidden Power|p1a: Azumarill\n|-damage|p1a: Azumarill|75\/100 slp\n|\n|-heal|p1a: Azumarill|81\/100 slp|[from] item: Leftovers\n|upkeep\n|turn|25\n|\n|t:|1711912714\n|move|p2a: Aerodactyl|Ancient Power|p1a: Azumarill\n|-damage|p1a: Azumarill|60\/100 slp\n|cant|p1a: Azumarill|slp\n|move|p1a: Azumarill|Sleep Talk|p1a: Azumarill\n|move|p1a: Azumarill|Whirlpool|p2a: Aerodactyl|[from]Sleep Talk\n|-supereffective|p2a: Aerodactyl\n|-damage|p2a: Aerodactyl|0 fnt\n|faint|p2a: Aerodactyl\n|c|\u2606supersayandraft|le azu des enfers\n|\n|t:|1711912725\n|switch|p2a: Lanturn|Lanturn, M|53\/100 slp\n|\n|-heal|p1a: Azumarill|66\/100 slp|[from] item: Leftovers\n|upkeep\n|turn|26\n|j| Jotape90\n|\n|t:|1711912737\n|switch|p1a: Hitmonlee|Hitmonlee, M|100\/100\n|-curestatus|p2a: Lanturn|slp|[msg]\n|move|p2a: Lanturn|Thunderbolt|p1a: Hitmonlee\n|-damage|p1a: Hitmonlee|70\/100\n|\n|upkeep\n|turn|27\n|\n|t:|1711912746\n|move|p1a: Hitmonlee|High Jump Kick|p2a: Lanturn\n|-damage|p2a: Lanturn|16\/100\n|move|p2a: Lanturn|Surf|p1a: Hitmonlee\n|-damage|p1a: Hitmonlee|41\/100\n|\n|upkeep\n|turn|28\n|\n|t:|1711912758\n|move|p1a: Hitmonlee|High Jump Kick|p2a: Lanturn\n|-damage|p2a: Lanturn|0 fnt\n|faint|p2a: Lanturn\n|\n|t:|1711912764\n|switch|p2a: Arcanine|Arcanine, M|100\/100\n|\n|upkeep\n|turn|29\n|\n|t:|1711912771\n|switch|p1a: Azumarill|Azumarill, M|66\/100 slp\n|move|p2a: Arcanine|Flamethrower|p1a: Azumarill\n|-resisted|p1a: Azumarill\n|-damage|p1a: Azumarill|48\/100 slp\n|\n|-heal|p1a: Azumarill|54\/100 slp|[from] item: Leftovers\n|upkeep\n|turn|30\n|c|\u2606barbie rockstar|j'avais oubli\u00e9 que la gen 2 ecourageait a ne pas jouer\n|c|\u2606barbie rockstar|c'etait super\n|c|\u2606barbie rockstar|ni fun ni plaisir\n|c|\u2606supersayandraft|ah clairement la gen 2 c'est l'anti fun ultime\n|\n|t:|1711912818\n|move|p2a: Arcanine|Hidden Power|p1a: Azumarill\n|-supereffective|p1a: Azumarill\n|-damage|p1a: Azumarill|23\/100 slp\n|cant|p1a: Azumarill|slp\n|move|p1a: Azumarill|Sleep Talk|p1a: Azumarill\n|move|p1a: Azumarill|Rest|p1a: Azumarill|[from]Sleep Talk\n|-status|p1a: Azumarill|slp|[from] move: Rest\n|-heal|p1a: Azumarill|100\/100 slp|[silent]\n|\n|upkeep\n|turn|31\n|c|\u2606barbie rockstar|BAH LE FAIS PAS\n|\n|t:|1711912838\n|move|p2a: Arcanine|Hidden Power|p1a: Azumarill\n|-supereffective|p1a: Azumarill\n|-damage|p1a: Azumarill|70\/100 slp\n|cant|p1a: Azumarill|slp\n|move|p1a: Azumarill|Sleep Talk|p1a: Azumarill\n|move|p1a: Azumarill|Perish Song|p1a: Azumarill|[from]Sleep Talk\n|-start|p1a: Azumarill|perish3|[silent]\n|-start|p2a: Arcanine|perish3|[silent]\n|-fieldactivate|move: Perish Song\n|\n|-start|p2a: Arcanine|perish3\n|-start|p1a: Azumarill|perish3\n|-heal|p1a: Azumarill|76\/100 slp|[from] item: Leftovers\n|upkeep\n|turn|32\n|c|\u2606barbie rockstar|JOUE AUTRE CHOSE\n|\n|t:|1711912850\n|move|p2a: Arcanine|Hidden Power|p1a: Azumarill\n|-crit|p1a: Azumarill\n|-supereffective|p1a: Azumarill\n|-damage|p1a: Azumarill|16\/100 slp\n|cant|p1a: Azumarill|slp\n|move|p1a: Azumarill|Sleep Talk|p1a: Azumarill\n|move|p1a: Azumarill|Perish Song|p1a: Azumarill|[from]Sleep Talk\n|-fail|p1a: Azumarill\n|\n|-start|p2a: Arcanine|perish2\n|-start|p1a: Azumarill|perish2\n|-heal|p1a: Azumarill|22\/100 slp|[from] item: Leftovers\n|upkeep\n|turn|33\n|\n|t:|1711912869\n|move|p2a: Arcanine|Hidden Power|p1a: Azumarill\n|-supereffective|p1a: Azumarill\n|-damage|p1a: Azumarill|0 fnt\n|faint|p1a: Azumarill\n|\n|t:|1711912878\n|switch|p1a: Dodrio|Dodrio, M|100\/100\n|\n|-start|p2a: Arcanine|perish1\n|upkeep\n|turn|34\n|\n|t:|1711912886\n|switch|p2a: Blissey|Blissey, F|100\/100\n|move|p1a: Dodrio|Double-Edge|p2a: Blissey\n|-damage|p2a: Blissey|43\/100\n|-damage|p1a: Dodrio|69\/100|[from] Recoil|[of] p2a: Blissey\n|\n|-heal|p2a: Blissey|50\/100|[from] item: Leftovers\n|upkeep\n|turn|35\n|\n|t:|1711912897\n|move|p1a: Dodrio|Double-Edge|p2a: Blissey\n|-damage|p2a: Blissey|0 fnt\n|-damage|p1a: Dodrio|42\/100|[from] Recoil|[of] p2a: Blissey\n|faint|p2a: Blissey\n|\n|t:|1711912905\n|switch|p2a: Arcanine|Arcanine, M|100\/100\n|\n|upkeep\n|turn|36\n|\n|t:|1711912909\n|move|p1a: Dodrio|Double-Edge|p2a: Arcanine\n|-damage|p2a: Arcanine|52\/100\n|-damage|p1a: Dodrio|29\/100|[from] Recoil|[of] p2a: Arcanine\n|move|p2a: Arcanine|Flamethrower|p1a: Dodrio\n|-damage|p1a: Dodrio|0 fnt\n|faint|p1a: Dodrio\n|\n|t:|1711912921\n|switch|p1a: Alakazam|Alakazam, M|27\/100\n|\n|upkeep\n|turn|37\n|l| Jotape90\n|\n|t:|1711912943\n|move|p1a: Alakazam|Psychic|p2a: Arcanine\n|-damage|p2a: Arcanine|3\/100\n|move|p2a: Arcanine|Flamethrower|p1a: Alakazam\n|-damage|p1a: Alakazam|0 fnt\n|faint|p1a: Alakazam\n|\n|t:|1711912949\n|switch|p1a: Raichu|Raichu, M|24\/100\n|\n|upkeep\n|turn|38\n|\n|t:|1711912964\n|move|p1a: Raichu|Thunderbolt|p2a: Arcanine\n|-damage|p2a: Arcanine|0 fnt\n|faint|p2a: Arcanine\n|\n|win|supersayandraft\n|l|\u2606barbie rockstar\n|player|p2|\n","uploadtime":1711912989,"views":22,"formatid":"gen2ou","rating":null,"private":0,"password":null}