|j|☆freekruler99
|j|☆Zachary.wiles
|t:|1711929930
|gametype|singles
|player|p1|freekruler99|striker|
|player|p2|Zachary.wiles|crasherwake|
|teamsize|p1|6
|teamsize|p2|6
|gen|2
|tier|[Gen 2] OU
|rule|Sleep Clause Mod: Limit one foe put to sleep
|rule|Freeze Clause Mod: Limit one foe frozen
|rule|Species Clause: Limit one of each Pokémon
|rule|OHKO Clause: OHKO moves are banned
|rule|Evasion Items Clause: Evasion items are banned
|rule|Evasion Moves Clause: Evasion moves are banned
|rule|Endless Battle Clause: Forcing endless battles is banned
|rule|HP Percentage Mod: HP is shown in percentages
|
|t:|1711929930
|start
|switch|p1a: Spike Lee|Qwilfish, M|100/100
|switch|p2a: Ampharos|Ampharos, M|100/100
|turn|1
|
|t:|1711929972
|switch|p1a: PeenJoke|Rhydon, M|100/100
|move|p2a: Ampharos|Thunder|p1a: PeenJoke
|-immune|p1a: PeenJoke
|
|upkeep
|turn|2
|
|t:|1711930017
|switch|p2a: Lickitung|Lickitung, M|100/100
|move|p1a: PeenJoke|Curse|p1a: PeenJoke
|-unboost|p1a: PeenJoke|spe|1
|-boost|p1a: PeenJoke|atk|1
|-boost|p1a: PeenJoke|def|1
|
|upkeep
|turn|3
|
|t:|1711930042
|move|p2a: Lickitung|Surf|p1a: PeenJoke
|-supereffective|p1a: PeenJoke
|-damage|p1a: PeenJoke|15/100
|move|p1a: PeenJoke|Earthquake|p2a: Lickitung
|-damage|p2a: Lickitung|33/100
|
|-heal|p2a: Lickitung|39/100|[from] item: Leftovers
|-heal|p1a: PeenJoke|21/100|[from] item: Leftovers
|upkeep
|turn|4
|
|t:|1711930071
|switch|p1a: Spike Lee|Qwilfish, M|100/100
|move|p2a: Lickitung|Rest|p2a: Lickitung
|-status|p2a: Lickitung|slp|[from] move: Rest
|-heal|p2a: Lickitung|100/100 slp|[silent]
|
|upkeep
|turn|5
|
|t:|1711930078
|move|p1a: Spike Lee|Spikes|p2a: Lickitung
|-sidestart|p2: Zachary.wiles|Spikes
|cant|p2a: Lickitung|slp
|move|p2a: Lickitung|Sleep Talk|p2a: Lickitung
|move|p2a: Lickitung|Rest|p2a: Lickitung|[from]Sleep Talk
|-fail|p2a: Lickitung
|
|upkeep
|turn|6
|
|t:|1711930088
|move|p1a: Spike Lee|Curse|p1a: Spike Lee
|-unboost|p1a: Spike Lee|spe|1
|-boost|p1a: Spike Lee|atk|1
|-boost|p1a: Spike Lee|def|1
|cant|p2a: Lickitung|slp
|move|p2a: Lickitung|Sleep Talk|p2a: Lickitung
|move|p2a: Lickitung|Rest|p2a: Lickitung|[from]Sleep Talk
|-fail|p2a: Lickitung
|
|upkeep
|turn|7
|
|t:|1711930097
|move|p1a: Spike Lee|Curse|p1a: Spike Lee
|-unboost|p1a: Spike Lee|spe|1
|-boost|p1a: Spike Lee|atk|1
|-boost|p1a: Spike Lee|def|1
|-curestatus|p2a: Lickitung|slp|[msg]
|move|p2a: Lickitung|Earthquake|p1a: Spike Lee
|-crit|p1a: Spike Lee
|-supereffective|p1a: Spike Lee
|-damage|p1a: Spike Lee|23/100
|
|-heal|p1a: Spike Lee|29/100|[from] item: Leftovers
|upkeep
|turn|8
|
|t:|1711930120
|move|p2a: Lickitung|Earthquake|p1a: Spike Lee
|-supereffective|p1a: Spike Lee
|-damage|p1a: Spike Lee|10/100
|move|p1a: Spike Lee|Sludge Bomb|p2a: Lickitung
|-damage|p2a: Lickitung|38/100
|
|-heal|p2a: Lickitung|44/100|[from] item: Leftovers
|-heal|p1a: Spike Lee|16/100|[from] item: Leftovers
|upkeep
|turn|9
|
|t:|1711930137
|move|p2a: Lickitung|Earthquake|p1a: Spike Lee
|-supereffective|p1a: Spike Lee
|-damage|p1a: Spike Lee|0 fnt
|faint|p1a: Spike Lee
|
|t:|1711930176
|switch|p1a: PeenJoke|Rhydon, M|21/100
|
|-heal|p1a: PeenJoke|27/100|[from] item: Leftovers
|-heal|p2a: Lickitung|50/100|[from] item: Leftovers
|upkeep
|turn|10
|
|t:|1711930187
|move|p1a: PeenJoke|Earthquake|p2a: Lickitung
|-damage|p2a: Lickitung|6/100
|move|p2a: Lickitung|Surf|p1a: PeenJoke
|-supereffective|p1a: PeenJoke
|-damage|p1a: PeenJoke|0 fnt
|faint|p1a: PeenJoke
|
|t:|1711930217
|switch|p1a: Buzz Aldrin|Raichu, M|100/100
|
|-heal|p2a: Lickitung|12/100|[from] item: Leftovers
|upkeep
|turn|11
|
|t:|1711930258
|move|p1a: Buzz Aldrin|Surf|p2a: Lickitung
|-damage|p2a: Lickitung|0 fnt
|faint|p2a: Lickitung
|
|t:|1711930262
|switch|p2a: Tauros|Tauros, M|100/100
|-damage|p2a: Tauros|88/100|[from] Spikes
|
|-heal|p2a: Tauros|94/100|[from] item: Leftovers
|upkeep
|turn|12
|
|t:|1711930349
|move|p2a: Tauros|Earthquake|p1a: Buzz Aldrin
|-supereffective|p1a: Buzz Aldrin
|-damage|p1a: Buzz Aldrin|35/100
|move|p1a: Buzz Aldrin|Thunder|p2a: Tauros
|-damage|p2a: Tauros|45/100
|
|-heal|p2a: Tauros|51/100|[from] item: Leftovers
|-heal|p1a: Buzz Aldrin|41/100|[from] item: Leftovers
|upkeep
|turn|13
|
|t:|1711930382
|switch|p1a: TentaclePorn|Shuckle, M|100/100
|move|p2a: Tauros|Earthquake|p1a: TentaclePorn
|-damage|p1a: TentaclePorn|84/100
|
|-heal|p2a: Tauros|57/100|[from] item: Leftovers
|-heal|p1a: TentaclePorn|91/100|[from] item: Leftovers
|upkeep
|turn|14
|
|t:|1711930424
|switch|p2a: Golem|Golem, M|100/100
|-damage|p2a: Golem|88/100|[from] Spikes
|move|p1a: TentaclePorn|Toxic|p2a: Golem
|-status|p2a: Golem|tox
|
|-heal|p2a: Golem|94/100 tox|[from] item: Leftovers
|-heal|p1a: TentaclePorn|97/100|[from] item: Leftovers
|upkeep
|turn|15
|
|t:|1711930440
|move|p2a: Golem|Rock Slide|p1a: TentaclePorn
|-supereffective|p1a: TentaclePorn
|-damage|p1a: TentaclePorn|56/100
|-damage|p2a: Golem|88/100 tox|[from] psn
|move|p1a: TentaclePorn|Defense Curl|p1a: TentaclePorn
|-boost|p1a: TentaclePorn|def|1
|
|-heal|p2a: Golem|94/100 tox|[from] item: Leftovers
|-heal|p1a: TentaclePorn|62/100|[from] item: Leftovers
|upkeep
|turn|16
|
|t:|1711930465
|move|p2a: Golem|Rock Slide|p1a: TentaclePorn|[miss]
|-miss|p2a: Golem
|-damage|p2a: Golem|82/100 tox|[from] psn
|move|p1a: TentaclePorn|Defense Curl|p1a: TentaclePorn
|-boost|p1a: TentaclePorn|def|1
|
|-heal|p2a: Golem|88/100 tox|[from] item: Leftovers
|-heal|p1a: TentaclePorn|68/100|[from] item: Leftovers
|upkeep
|turn|17
|
|t:|1711930485
|move|p1a: TentaclePorn|Rest|p1a: TentaclePorn
|-status|p1a: TentaclePorn|slp|[from] move: Rest
|-heal|p1a: TentaclePorn|100/100 slp|[silent]
|move|p2a: Golem|Roar|p1a: TentaclePorn
|drag|p1a: Saturn|Umbreon, M|100/100
|-damage|p2a: Golem|70/100 tox|[from] psn
|
|-heal|p2a: Golem|76/100 tox|[from] item: Leftovers
|upkeep
|turn|18
|
|t:|1711930512
|move|p1a: Saturn|Growth|p1a: Saturn
|-boost|p1a: Saturn|spa|1
|move|p2a: Golem|Earthquake|p1a: Saturn
|-damage|p1a: Saturn|71/100
|-damage|p2a: Golem|52/100 tox|[from] psn
|
|-heal|p1a: Saturn|77/100|[from] item: Leftovers
|-heal|p2a: Golem|58/100 tox|[from] item: Leftovers
|upkeep
|turn|19
|
|t:|1711930536
|move|p1a: Saturn|Hidden Power|p2a: Golem
|-damage|p2a: Golem|24/100 tox
|move|p2a: Golem|Roar|p1a: Saturn
|drag|p1a: Spoons|Alakazam, M|100/100
|-damage|p2a: Golem|0 fnt|[from] psn
|faint|p2a: Golem
|
|t:|1711930576
|switch|p2a: Ampharos|Ampharos, M|100/100
|-damage|p2a: Ampharos|88/100|[from] Spikes
|
|-heal|p2a: Ampharos|94/100|[from] item: Leftovers
|upkeep
|turn|20
|
|t:|1711930590
|switch|p1a: TentaclePorn|Shuckle, M|100/100 slp
|move|p2a: Ampharos|Thunder Wave||[still]
|-fail|p2a: Ampharos
|
|-heal|p2a: Ampharos|100/100|[from] item: Leftovers
|upkeep
|turn|21
|
|t:|1711930601
|switch|p2a: Cloyster|Cloyster, M|100/100
|-damage|p2a: Cloyster|88/100|[from] Spikes
|cant|p1a: TentaclePorn|slp
|
|-heal|p2a: Cloyster|94/100|[from] item: Leftovers
|upkeep
|turn|22
|
|t:|1711930611
|move|p2a: Cloyster|Spikes|p1a: TentaclePorn
|-sidestart|p1: freekruler99|Spikes
|cant|p1a: TentaclePorn|slp
|
|-heal|p2a: Cloyster|99/100|[from] item: Leftovers
|upkeep
|turn|23
|
|t:|1711930616
|move|p2a: Cloyster|Surf|p1a: TentaclePorn
|-supereffective|p1a: TentaclePorn
|-damage|p1a: TentaclePorn|58/100 slp
|-curestatus|p1a: TentaclePorn|slp|[msg]
|move|p1a: TentaclePorn|Toxic|p2a: Cloyster|[miss]
|-miss|p1a: TentaclePorn
|
|-heal|p2a: Cloyster|100/100|[from] item: Leftovers
|-heal|p1a: TentaclePorn|64/100|[from] item: Leftovers
|upkeep
|turn|24
|
|t:|1711930628
|move|p2a: Cloyster|Surf|p1a: TentaclePorn
|-supereffective|p1a: TentaclePorn
|-damage|p1a: TentaclePorn|21/100
|move|p1a: TentaclePorn|Toxic|p2a: Cloyster
|-status|p2a: Cloyster|tox
|
|-heal|p1a: TentaclePorn|27/100|[from] item: Leftovers
|upkeep
|turn|25
|
|t:|1711930664
|switch|p1a: Buzz Aldrin|Raichu, M|41/100
|-damage|p1a: Buzz Aldrin|28/100|[from] Spikes
|move|p2a: Cloyster|Surf|p1a: Buzz Aldrin
|-damage|p1a: Buzz Aldrin|0 fnt
|faint|p1a: Buzz Aldrin
|
|t:|1711930682
|switch|p1a: Saturn|Umbreon, M|77/100
|-damage|p1a: Saturn|65/100|[from] Spikes
|
|-heal|p1a: Saturn|71/100|[from] item: Leftovers
|upkeep
|turn|26
|
|t:|1711930692
|move|p2a: Cloyster|Toxic|p1a: Saturn
|-status|p1a: Saturn|tox
|-damage|p2a: Cloyster|95/100 tox|[from] psn
|move|p1a: Saturn|Moonlight|p1a: Saturn
|-heal|p1a: Saturn|100/100 tox
|-damage|p1a: Saturn|94/100 tox|[from] psn
|
|-heal|p2a: Cloyster|100/100 tox|[from] item: Leftovers
|-heal|p1a: Saturn|100/100 tox|[from] item: Leftovers
|upkeep
|turn|27
|
|t:|1711930704
|move|p2a: Cloyster|Surf|p1a: Saturn
|-damage|p1a: Saturn|77/100 tox
|-damage|p2a: Cloyster|89/100 tox|[from] psn
|move|p1a: Saturn|Growth|p1a: Saturn
|-boost|p1a: Saturn|spa|1
|-damage|p1a: Saturn|65/100 tox|[from] psn
|
|-heal|p2a: Cloyster|95/100 tox|[from] item: Leftovers
|-heal|p1a: Saturn|71/100 tox|[from] item: Leftovers
|upkeep
|turn|28
|
|t:|1711930765
|move|p2a: Cloyster|Surf|p1a: Saturn
|-crit|p1a: Saturn
|-damage|p1a: Saturn|25/100 tox
|-damage|p2a: Cloyster|77/100 tox|[from] psn
|move|p1a: Saturn|Moonlight|p1a: Saturn
|-heal|p1a: Saturn|75/100 tox
|-damage|p1a: Saturn|57/100 tox|[from] psn
|
|-heal|p2a: Cloyster|83/100 tox|[from] item: Leftovers
|-heal|p1a: Saturn|63/100 tox|[from] item: Leftovers
|upkeep
|turn|29
|
|t:|1711930813
|switch|p1a: TentaclePorn|Shuckle, M|27/100
|-damage|p1a: TentaclePorn|15/100|[from] Spikes
|move|p2a: Cloyster|Explosion|p1a: TentaclePorn
|-resisted|p1a: TentaclePorn
|-damage|p1a: TentaclePorn|0 fnt
|faint|p2a: Cloyster
|faint|p1a: TentaclePorn
|
|t:|1711930843
|switch|p2a: Ampharos|Ampharos, M|100/100
|switch|p1a: Saturn|Umbreon, M|63/100 tox
|-status|p1a: Saturn|psn|[silent]
|-damage|p1a: Saturn|50/100 psn|[from] Spikes
|-damage|p2a: Ampharos|88/100|[from] Spikes
|
|-heal|p1a: Saturn|56/100 psn|[from] item: Leftovers
|-heal|p2a: Ampharos|94/100|[from] item: Leftovers
|upkeep
|turn|30
|
|t:|1711930855
|move|p1a: Saturn|Moonlight|p1a: Saturn
|-heal|p1a: Saturn|100/100 psn
|-damage|p1a: Saturn|88/100 psn|[from] psn
|move|p2a: Ampharos|Thunder|p1a: Saturn
|-damage|p1a: Saturn|57/100 psn
|
|-heal|p1a: Saturn|63/100 psn|[from] item: Leftovers
|-heal|p2a: Ampharos|100/100|[from] item: Leftovers
|upkeep
|turn|31
|
|t:|1711930885
|move|p1a: Saturn|Moonlight|p1a: Saturn
|-heal|p1a: Saturn|100/100 psn
|-damage|p1a: Saturn|88/100 psn|[from] psn
|move|p2a: Ampharos|Thunder|p1a: Saturn
|-damage|p1a: Saturn|56/100 psn
|
|-heal|p1a: Saturn|62/100 psn|[from] item: Leftovers
|upkeep
|turn|32
|
|t:|1711930901
|move|p1a: Saturn|Moonlight|p1a: Saturn
|-heal|p1a: Saturn|100/100 psn
|-damage|p1a: Saturn|88/100 psn|[from] psn
|move|p2a: Ampharos|Thunder|p1a: Saturn|[miss]
|-miss|p2a: Ampharos
|
|-heal|p1a: Saturn|94/100 psn|[from] item: Leftovers
|upkeep
|turn|33
|
|t:|1711930912
|move|p1a: Saturn|Growth|p1a: Saturn
|-boost|p1a: Saturn|spa|1
|-damage|p1a: Saturn|82/100 psn|[from] psn
|move|p2a: Ampharos|Thunder|p1a: Saturn|[miss]
|-miss|p2a: Ampharos
|
|-heal|p1a: Saturn|88/100 psn|[from] item: Leftovers
|upkeep
|turn|34
|
|t:|1711930926
|move|p1a: Saturn|Growth|p1a: Saturn
|-boost|p1a: Saturn|spa|1
|-damage|p1a: Saturn|75/100 psn|[from] psn
|move|p2a: Ampharos|Thunder|p1a: Saturn
|-damage|p1a: Saturn|40/100 psn
|
|-heal|p1a: Saturn|46/100 psn|[from] item: Leftovers
|upkeep
|turn|35
|
|t:|1711930944
|move|p1a: Saturn|Moonlight|p1a: Saturn
|-heal|p1a: Saturn|96/100 psn
|-damage|p1a: Saturn|84/100 psn|[from] psn
|move|p2a: Ampharos|Thunder Wave||[still]
|-fail|p2a: Ampharos
|
|-heal|p1a: Saturn|90/100 psn|[from] item: Leftovers
|upkeep
|turn|36
|
|t:|1711930955
|move|p1a: Saturn|Growth|p1a: Saturn
|-boost|p1a: Saturn|spa|1
|-damage|p1a: Saturn|77/100 psn|[from] psn
|move|p2a: Ampharos|Thunder|p1a: Saturn
|-damage|p1a: Saturn|47/100 psn
|
|-heal|p1a: Saturn|53/100 psn|[from] item: Leftovers
|upkeep
|turn|37
|
|t:|1711930976
|move|p1a: Saturn|Moonlight|p1a: Saturn
|-heal|p1a: Saturn|100/100 psn
|-damage|p1a: Saturn|88/100 psn|[from] psn
|move|p2a: Ampharos|Thunder Wave||[still]
|-fail|p2a: Ampharos
|
|-heal|p1a: Saturn|94/100 psn|[from] item: Leftovers
|upkeep
|turn|38
|
|t:|1711930987
|move|p1a: Saturn|Baton Pass|p1a: Saturn
|
|t:|1711930989
|switch|p1a: Spoons|Alakazam, M|100/100|[from] Baton Pass
|-damage|p1a: Spoons|88/100|[from] Spikes
|move|p2a: Ampharos|Thunder|p1a: Spoons|[miss]
|-miss|p2a: Ampharos
|
|-heal|p1a: Spoons|94/100|[from] item: Leftovers
|upkeep
|turn|39
|
|t:|1711931022
|move|p1a: Spoons|Psychic|p2a: Ampharos
|-damage|p2a: Ampharos|9/100
|move|p2a: Ampharos|Thunder Wave|p1a: Spoons
|-status|p1a: Spoons|par
|
|-heal|p2a: Ampharos|15/100|[from] item: Leftovers
|-heal|p1a: Spoons|99/100 par|[from] item: Leftovers
|upkeep
|turn|40
|
|t:|1711931033
|move|p2a: Ampharos|Rest|p2a: Ampharos
|-status|p2a: Ampharos|slp|[from] move: Rest
|-heal|p2a: Ampharos|100/100 slp|[silent]
|cant|p1a: Spoons|par
|
|-heal|p1a: Spoons|100/100 par|[from] item: Leftovers
|upkeep
|turn|41
|
|t:|1711931050
|cant|p2a: Ampharos|slp
|move|p1a: Spoons|Psychic|p2a: Ampharos
|-damage|p2a: Ampharos|7/100 slp
|
|-heal|p2a: Ampharos|14/100 slp|[from] item: Leftovers
|upkeep
|turn|42
|
|t:|1711931059
|cant|p2a: Ampharos|slp
|move|p2a: Ampharos|Sleep Talk|p2a: Ampharos
|move|p2a: Ampharos|Thunder Wave|p1a: Spoons|[from]Sleep Talk
|-fail|p1a: Spoons|par
|cant|p1a: Spoons|par
|
|-heal|p2a: Ampharos|20/100 slp|[from] item: Leftovers
|upkeep
|turn|43
|
|t:|1711931068
|-curestatus|p2a: Ampharos|slp|[msg]
|move|p2a: Ampharos|Rest|p2a: Ampharos
|-status|p2a: Ampharos|slp|[from] move: Rest
|-heal|p2a: Ampharos|100/100 slp|[silent]
|cant|p1a: Spoons|par
|
|upkeep
|turn|44
|
|t:|1711931076
|cant|p2a: Ampharos|slp
|move|p2a: Ampharos|Sleep Talk|p2a: Ampharos
|move|p2a: Ampharos|Rest|p2a: Ampharos|[from]Sleep Talk
|-fail|p2a: Ampharos
|move|p1a: Spoons|Psychic|p2a: Ampharos
|-crit|p2a: Ampharos
|-damage|p2a: Ampharos|0 fnt
|faint|p2a: Ampharos
|
|t:|1711931097
|switch|p2a: Tauros|Tauros, M|57/100
|-damage|p2a: Tauros|45/100|[from] Spikes
|
|-heal|p2a: Tauros|51/100|[from] item: Leftovers
|upkeep
|turn|45
|
|t:|1711931112
|move|p2a: Tauros|Rest|p2a: Tauros
|-status|p2a: Tauros|slp|[from] move: Rest
|-heal|p2a: Tauros|100/100 slp|[silent]
|cant|p1a: Spoons|par
|
|upkeep
|turn|46
|
|t:|1711931118
|cant|p2a: Tauros|slp
|move|p2a: Tauros|Sleep Talk|p2a: Tauros
|move|p2a: Tauros|Earthquake|p1a: Spoons|[from]Sleep Talk
|-damage|p1a: Spoons|63/100 par
|move|p1a: Spoons|Psychic|p2a: Tauros
|-damage|p2a: Tauros|0 fnt
|faint|p2a: Tauros
|
|t:|1711931127
|switch|p2a: Gengar|Gengar, M|100/100
|-damage|p2a: Gengar|88/100|[from] Spikes
|
|-heal|p2a: Gengar|94/100|[from] item: Leftovers
|-heal|p1a: Spoons|69/100 par|[from] item: Leftovers
|upkeep
|turn|47
|
|t:|1711931137
|move|p2a: Gengar|Thunderbolt|p1a: Spoons
|-damage|p1a: Spoons|36/100 par
|move|p1a: Spoons|Psychic|p2a: Gengar
|-supereffective|p2a: Gengar
|-damage|p2a: Gengar|0 fnt
|faint|p2a: Gengar
|
|win|freekruler99
