{"id":"gen2ou-2093273544","format":"[Gen 2] OU","players":["Tharealistjr","Congnar"],"log":"|j|\u2606Tharealistjr\n|j|\u2606Congnar\n|t:|1711933139\n|gametype|singles\n|player|p1|Tharealistjr|265|\n|player|p2|Congnar|harlequin|\n|teamsize|p1|6\n|teamsize|p2|6\n|gen|2\n|tier|[Gen 2] OU\n|rule|Sleep Clause Mod: Limit one foe put to sleep\n|rule|Freeze Clause Mod: Limit one foe frozen\n|rule|Species Clause: Limit one of each Pok\u00e9mon\n|rule|OHKO Clause: OHKO moves are banned\n|rule|Evasion Items Clause: Evasion items are banned\n|rule|Evasion Moves Clause: Evasion moves are banned\n|rule|Endless Battle Clause: Forcing endless battles is banned\n|rule|HP Percentage Mod: HP is shown in percentages\n|\n|t:|1711933139\n|start\n|switch|p1a: Misdreavus|Misdreavus, M|100\/100\n|switch|p2a: Slowking|Slowking, M|100\/100\n|turn|1\n|j| freekruler99\n|j| LuckiLlamas\n|\n|t:|1711933156\n|move|p1a: Misdreavus|Thunderbolt|p2a: Slowking\n|-supereffective|p2a: Slowking\n|-damage|p2a: Slowking|67\/100\n|move|p2a: Slowking|Amnesia|p2a: Slowking\n|-boost|p2a: Slowking|spd|2\n|\n|upkeep\n|turn|2\n|\n|t:|1711933164\n|move|p1a: Misdreavus|Thunderbolt|p2a: Slowking\n|-supereffective|p2a: Slowking\n|-damage|p2a: Slowking|50\/100\n|-status|p2a: Slowking|par\n|move|p2a: Slowking|Surf|p1a: Misdreavus\n|-damage|p1a: Misdreavus|64\/100\n|\n|-heal|p1a: Misdreavus|70\/100|[from] item: Leftovers\n|upkeep\n|turn|3\n|\n|t:|1711933174\n|move|p1a: Misdreavus|Mean Look|p2a: Slowking\n|-activate|p2a: Slowking|trapped\n|move|p2a: Slowking|Rest|p2a: Slowking\n|-status|p2a: Slowking|slp|[from] move: Rest\n|-heal|p2a: Slowking|100\/100 slp|[silent]\n|-enditem|p2a: Slowking|Mint Berry|[eat]\n|-curestatus|p2a: Slowking|slp|[msg]\n|\n|-heal|p1a: Misdreavus|76\/100|[from] item: Leftovers\n|upkeep\n|turn|4\n|\n|t:|1711933185\n|move|p1a: Misdreavus|Perish Song|p1a: Misdreavus\n|-start|p1a: Misdreavus|perish3|[silent]\n|-start|p2a: Slowking|perish3|[silent]\n|-fieldactivate|move: Perish Song\n|move|p2a: Slowking|Psychic|p1a: Misdreavus\n|-damage|p1a: Misdreavus|38\/100\n|\n|-start|p1a: Misdreavus|perish3\n|-start|p2a: Slowking|perish3\n|-heal|p1a: Misdreavus|44\/100|[from] item: Leftovers\n|upkeep\n|turn|5\n|\n|t:|1711933195\n|move|p1a: Misdreavus|Perish Song|p1a: Misdreavus\n|-fail|p1a: Misdreavus\n|move|p2a: Slowking|Psychic|p1a: Misdreavus\n|-damage|p1a: Misdreavus|7\/100\n|\n|-start|p1a: Misdreavus|perish2\n|-start|p2a: Slowking|perish2\n|-heal|p1a: Misdreavus|14\/100|[from] item: Leftovers\n|upkeep\n|turn|6\n|\n|t:|1711933205\n|move|p1a: Misdreavus|Pain Split|p2a: Slowking\n|-sethp|p2a: Slowking|56\/100|[from] move: Pain Split|[silent]\n|-sethp|p1a: Misdreavus|65\/100|[from] move: Pain Split\n|move|p2a: Slowking|Psychic|p1a: Misdreavus\n|-damage|p1a: Misdreavus|26\/100\n|\n|-start|p1a: Misdreavus|perish1\n|-start|p2a: Slowking|perish1\n|-heal|p1a: Misdreavus|32\/100|[from] item: Leftovers\n|upkeep\n|turn|7\n|\n|t:|1711933223\n|switch|p1a: Water dude|Feraligatr, M|100\/100\n|move|p2a: Slowking|Surf|p1a: Water dude\n|-resisted|p1a: Water dude\n|-damage|p1a: Water dude|84\/100\n|\n|-start|p2a: Slowking|perish0\n|-heal|p1a: Water dude|90\/100|[from] item: Leftovers\n|faint|p2a: Slowking\n|upkeep\n|\n|t:|1711933239\n|switch|p2a: Hitmonlee|Hitmonlee, M|100\/100\n|turn|8\n|\n|t:|1711933266\n|switch|p1a: Scyther|Scyther, M|100\/100\n|move|p2a: Hitmonlee|Curse|p2a: Hitmonlee\n|-unboost|p2a: Hitmonlee|spe|1\n|-boost|p2a: Hitmonlee|atk|1\n|-boost|p2a: Hitmonlee|def|1\n|\n|upkeep\n|turn|9\n|\n|t:|1711933278\n|move|p1a: Scyther|Agility|p1a: Scyther\n|-boost|p1a: Scyther|spe|2\n|move|p2a: Hitmonlee|Body Slam|p1a: Scyther\n|-damage|p1a: Scyther|63\/100\n|-status|p1a: Scyther|par\n|-enditem|p1a: Scyther|Miracle Berry|[eat]\n|-curestatus|p1a: Scyther|par|[msg]\n|\n|upkeep\n|turn|10\n|\n|t:|1711933293\n|move|p1a: Scyther|Baton Pass|p1a: Scyther\n|\n|t:|1711933301\n|switch|p1a: Misdreavus|Misdreavus, M|32\/100|[from] Baton Pass\n|move|p2a: Hitmonlee|Body Slam|p1a: Misdreavus\n|-immune|p1a: Misdreavus\n|\n|-heal|p1a: Misdreavus|39\/100|[from] item: Leftovers\n|upkeep\n|turn|11\n|\n|t:|1711933312\n|switch|p2a: Steelix|Steelix, M|100\/100\n|move|p1a: Misdreavus|Pain Split|p2a: Steelix\n|-sethp|p2a: Steelix|68\/100|[from] move: Pain Split|[silent]\n|-sethp|p1a: Misdreavus|73\/100|[from] move: Pain Split\n|\n|-heal|p1a: Misdreavus|79\/100|[from] item: Leftovers\n|-heal|p2a: Steelix|74\/100|[from] item: Leftovers\n|upkeep\n|turn|12\n|\n|t:|1711933332\n|move|p1a: Misdreavus|Mean Look|p2a: Steelix\n|-activate|p2a: Steelix|trapped\n|move|p2a: Steelix|Roar|p1a: Misdreavus\n|drag|p1a: Machamp|Machamp, M|100\/100\n|\n|-heal|p2a: Steelix|80\/100|[from] item: Leftovers\n|upkeep\n|turn|13\n|c|\u2606Congnar|!data mean look\n|raw|<ul class=\"utilichart\"><li class=\"result\"><span class=\"col movenamecol\"><a href=\"https:\/\/dex.pokemonshowdown.com\/moves\/meanlook\">Mean Look<\/a><\/span> <span class=\"col typecol\"><img src=\"\/\/play.pokemonshowdown.com\/sprites\/types\/Normal.png\" alt=\"Normal\" width=\"32\" height=\"14\"><img src=\"\/\/play.pokemonshowdown.com\/sprites\/categories\/Status.png\" alt=\"Status\" width=\"32\" height=\"14\"><\/span> <span class=\"col widelabelcol\"><em>Accuracy<\/em><br>\u2014<\/span> <span class=\"col pplabelcol\"><em>PP<\/em><br>8<\/span> <span class=\"col movedesccol\">Prevents the target from switching out.<\/span> <\/li><li style=\"clear:both\"><\/li><\/ul>\n\n|\n|t:|1711933350\n|move|p1a: Machamp|Cross Chop|p2a: Steelix|[miss]\n|-miss|p1a: Machamp\n|move|p2a: Steelix|Explosion|p1a: Machamp\n|-damage|p1a: Machamp|0 fnt\n|faint|p2a: Steelix\n|faint|p1a: Machamp\n|\n|t:|1711933365\n|switch|p1a: Scyther|Scyther, M|63\/100\n|switch|p2a: Starmie|Starmie|100\/100\n|\n|upkeep\n|turn|14\n|\n|t:|1711933393\n|switch|p1a: Water dude|Feraligatr, M|90\/100\n|move|p2a: Starmie|Thunderbolt|p1a: Water dude\n|-supereffective|p1a: Water dude\n|-damage|p1a: Water dude|45\/100\n|\n|-heal|p1a: Water dude|51\/100|[from] item: Leftovers\n|upkeep\n|turn|15\n|\n|t:|1711933404\n|switch|p1a: Dugtrio|Dugtrio, M|100\/100\n|move|p2a: Starmie|Thunderbolt|p1a: Dugtrio\n|-immune|p1a: Dugtrio\n|\n|upkeep\n|turn|16\n|\n|t:|1711933416\n|move|p1a: Dugtrio|Substitute|p1a: Dugtrio\n|-start|p1a: Dugtrio|Substitute\n|-damage|p1a: Dugtrio|76\/100\n|move|p2a: Starmie|Surf|p1a: Dugtrio\n|-supereffective|p1a: Dugtrio\n|-end|p1a: Dugtrio|Substitute\n|\n|upkeep\n|turn|17\n|\n|t:|1711933426\n|move|p1a: Dugtrio|Hidden Power|p2a: Starmie\n|-supereffective|p2a: Starmie\n|-damage|p2a: Starmie|69\/100\n|move|p2a: Starmie|Surf|p1a: Dugtrio\n|-supereffective|p1a: Dugtrio\n|-damage|p1a: Dugtrio|0 fnt\n|faint|p1a: Dugtrio\n|\n|t:|1711933435\n|switch|p1a: Misdreavus|Misdreavus, M|79\/100\n|\n|-heal|p1a: Misdreavus|85\/100|[from] item: Leftovers\n|upkeep\n|turn|18\n|\n|t:|1711933455\n|switch|p2a: Hitmonlee|Hitmonlee, M|100\/100\n|move|p1a: Misdreavus|Thunderbolt|p2a: Hitmonlee\n|-crit|p2a: Hitmonlee\n|-damage|p2a: Hitmonlee|57\/100\n|\n|-heal|p1a: Misdreavus|92\/100|[from] item: Leftovers\n|upkeep\n|turn|19\n|\n|t:|1711933466\n|move|p2a: Hitmonlee|Rest|p2a: Hitmonlee\n|-status|p2a: Hitmonlee|slp|[from] move: Rest\n|-heal|p2a: Hitmonlee|100\/100 slp|[silent]\n|-enditem|p2a: Hitmonlee|Miracle Berry|[eat]\n|-curestatus|p2a: Hitmonlee|slp|[msg]\n|move|p1a: Misdreavus|Mean Look|p2a: Hitmonlee\n|-activate|p2a: Hitmonlee|trapped\n|\n|-heal|p1a: Misdreavus|98\/100|[from] item: Leftovers\n|upkeep\n|turn|20\n|\n|t:|1711933476\n|move|p2a: Hitmonlee|Curse|p2a: Hitmonlee\n|-unboost|p2a: Hitmonlee|spe|1\n|-boost|p2a: Hitmonlee|atk|1\n|-boost|p2a: Hitmonlee|def|1\n|move|p1a: Misdreavus|Perish Song|p1a: Misdreavus\n|-start|p1a: Misdreavus|perish3|[silent]\n|-start|p2a: Hitmonlee|perish3|[silent]\n|-fieldactivate|move: Perish Song\n|\n|-start|p1a: Misdreavus|perish3\n|-start|p2a: Hitmonlee|perish3\n|-heal|p1a: Misdreavus|100\/100|[from] item: Leftovers\n|upkeep\n|turn|21\n|\n|t:|1711933493\n|move|p1a: Misdreavus|Thunderbolt|p2a: Hitmonlee\n|-damage|p2a: Hitmonlee|80\/100\n|move|p2a: Hitmonlee|Curse|p2a: Hitmonlee\n|-unboost|p2a: Hitmonlee|spe|1\n|-boost|p2a: Hitmonlee|atk|1\n|-boost|p2a: Hitmonlee|def|1\n|\n|-start|p1a: Misdreavus|perish2\n|-start|p2a: Hitmonlee|perish2\n|upkeep\n|turn|22\n|\n|t:|1711933506\n|move|p1a: Misdreavus|Thunderbolt|p2a: Hitmonlee\n|-damage|p2a: Hitmonlee|58\/100\n|move|p2a: Hitmonlee|Curse|p2a: Hitmonlee\n|-unboost|p2a: Hitmonlee|spe|1\n|-boost|p2a: Hitmonlee|atk|1\n|-boost|p2a: Hitmonlee|def|1\n|\n|-start|p1a: Misdreavus|perish1\n|-start|p2a: Hitmonlee|perish1\n|upkeep\n|turn|23\n|\n|t:|1711933518\n|switch|p1a: Water dude|Feraligatr, M|51\/100\n|move|p2a: Hitmonlee|Body Slam|p1a: Water dude\n|-damage|p1a: Water dude|2\/100\n|\n|-start|p2a: Hitmonlee|perish0\n|-heal|p1a: Water dude|8\/100|[from] item: Leftovers\n|faint|p2a: Hitmonlee\n|upkeep\n|\n|t:|1711933527\n|switch|p2a: Starmie|Starmie|69\/100\n|turn|24\n|\n|t:|1711933531\n|move|p2a: Starmie|Thunderbolt|p1a: Water dude\n|-crit|p1a: Water dude\n|-supereffective|p1a: Water dude\n|-damage|p1a: Water dude|0 fnt\n|faint|p1a: Water dude\n|\n|t:|1711933537\n|switch|p1a: Misdreavus|Misdreavus, M|100\/100\n|\n|upkeep\n|turn|25\n|\n|t:|1711933545\n|move|p2a: Starmie|Surf|p1a: Misdreavus\n|-damage|p1a: Misdreavus|62\/100\n|move|p1a: Misdreavus|Mean Look|p2a: Starmie\n|-activate|p2a: Starmie|trapped\n|\n|-heal|p1a: Misdreavus|68\/100|[from] item: Leftovers\n|upkeep\n|turn|26\n|\n|t:|1711933555\n|move|p2a: Starmie|Surf|p1a: Misdreavus\n|-damage|p1a: Misdreavus|32\/100\n|move|p1a: Misdreavus|Pain Split|p2a: Starmie\n|-sethp|p2a: Starmie|51\/100|[from] move: Pain Split|[silent]\n|-sethp|p1a: Misdreavus|51\/100|[from] move: Pain Split\n|\n|-heal|p1a: Misdreavus|57\/100|[from] item: Leftovers\n|upkeep\n|turn|27\n|j| SlickeRickstA26\n|\n|t:|1711933591\n|move|p2a: Starmie|Surf|p1a: Misdreavus\n|-damage|p1a: Misdreavus|19\/100\n|move|p1a: Misdreavus|Thunderbolt|p2a: Starmie\n|-supereffective|p2a: Starmie\n|-damage|p2a: Starmie|4\/100\n|\n|-heal|p1a: Misdreavus|26\/100|[from] item: Leftovers\n|upkeep\n|turn|28\n|\n|t:|1711933608\n|switch|p1a: Scyther|Scyther, M|63\/100\n|move|p2a: Starmie|Surf|p1a: Scyther\n|-damage|p1a: Scyther|27\/100\n|\n|upkeep\n|turn|29\n|\n|t:|1711933615\n|move|p2a: Starmie|Thunderbolt|p1a: Scyther\n|-supereffective|p1a: Scyther\n|-damage|p1a: Scyther|0 fnt\n|faint|p1a: Scyther\n|\n|t:|1711933631\n|switch|p1a: Pikachu|Pikachu, M|100\/100\n|\n|upkeep\n|turn|30\n|\n|t:|1711933639\n|move|p2a: Starmie|Surf|p1a: Pikachu\n|-damage|p1a: Pikachu|31\/100\n|move|p1a: Pikachu|Thunderbolt|p2a: Starmie\n|-supereffective|p2a: Starmie\n|-damage|p2a: Starmie|0 fnt\n|faint|p2a: Starmie\n|\n|t:|1711933645\n|switch|p2a: Aerodactyl|Aerodactyl, M|100\/100\n|\n|upkeep\n|turn|31\n|\n|t:|1711933653\n|move|p2a: Aerodactyl|Earthquake|p1a: Pikachu\n|-supereffective|p1a: Pikachu\n|-damage|p1a: Pikachu|0 fnt\n|faint|p1a: Pikachu\n|\n|t:|1711933659\n|switch|p1a: Misdreavus|Misdreavus, M|26\/100\n|\n|-heal|p1a: Misdreavus|32\/100|[from] item: Leftovers\n|upkeep\n|turn|32\n|\n|t:|1711933668\n|move|p2a: Aerodactyl|Substitute|p2a: Aerodactyl\n|-start|p2a: Aerodactyl|Substitute\n|-damage|p2a: Aerodactyl|76\/100\n|move|p1a: Misdreavus|Pain Split|p2a: Aerodactyl\n|-activate|p2a: Aerodactyl|Substitute|[block] Pain Split\n|\n|-heal|p2a: Aerodactyl|82\/100|[from] item: Leftovers\n|-heal|p1a: Misdreavus|38\/100|[from] item: Leftovers\n|upkeep\n|turn|33\n|\n|t:|1711933679\n|move|p2a: Aerodactyl|Earthquake|p1a: Misdreavus\n|-damage|p1a: Misdreavus|4\/100\n|move|p1a: Misdreavus|Thunderbolt|p2a: Aerodactyl\n|-supereffective|p2a: Aerodactyl\n|-end|p2a: Aerodactyl|Substitute\n|\n|-heal|p2a: Aerodactyl|88\/100|[from] item: Leftovers\n|-heal|p1a: Misdreavus|10\/100|[from] item: Leftovers\n|upkeep\n|turn|34\n|\n|t:|1711933690\n|move|p2a: Aerodactyl|Earthquake|p1a: Misdreavus\n|-damage|p1a: Misdreavus|0 fnt\n|faint|p1a: Misdreavus\n|\n|win|Congnar\n|l| LuckiLlamas\n|c|\u2606Congnar|good game!\n|l|\u2606Tharealistjr\n|player|p1|\n","uploadtime":1711933712,"views":1,"formatid":"gen2ou","rating":null,"private":0,"password":null}