{"id":"gen9doublesou-2093364730","format":"[Gen 9] Doubles OU","players":["Deltasolace","Livaras"],"log":"|j|\u2606Deltasolace\n|j|\u2606Livaras\n|t:|1711945077\n|gametype|doubles\n|player|p1|Deltasolace|266|1276\n|player|p2|Livaras|elesa-gen5bw2|1284\n|teamsize|p1|6\n|teamsize|p2|6\n|gen|9\n|tier|[Gen 9] Doubles OU\n|rated|\n|rule|Species Clause: Limit one of each Pok\u00e9mon\n|rule|OHKO Clause: OHKO moves are banned\n|rule|Evasion Moves Clause: Evasion moves are banned\n|rule|Gravity Sleep Clause: The combination of sleep-inducing moves with imperfect accuracy and Gravity or Gigantamax Orbeetle are banned\n|rule|Endless Battle Clause: Forcing endless battles is banned\n|rule|HP Percentage Mod: HP is shown in percentages\n|clearpoke\n|poke|p1|Floatzel, M|\n|poke|p1|Farigiraf, F|\n|poke|p1|Rillaboom, M|\n|poke|p1|Archaludon, M|\n|poke|p1|Pelipper, F|\n|poke|p1|Kilowattrel, M|\n|poke|p2|Terrakion|\n|poke|p2|Maushold|\n|poke|p2|Mew|\n|poke|p2|Sylveon, F|\n|poke|p2|Incineroar, F|\n|poke|p2|Amoonguss, M|\n|teampreview\n|\n|t:|1711945086\n|start\n|switch|p1a: Floatzel|Floatzel, M|100\/100\n|switch|p1b: Pelipper|Pelipper, F|100\/100\n|switch|p2a: Maushold|Maushold, shiny|100\/100\n|switch|p2b: Terrakion|Terrakion, shiny|100\/100\n|-weather|RainDance|[from] ability: Drizzle|[of] p1b: Pelipper\n|turn|1\n|inactive|Battle timer is ON: inactive players will automatically lose when time's up. (requested by Livaras)\n|\n|t:|1711945102\n|-terastallize|p2b: Terrakion|Grass\n|move|p1b: Pelipper|Wide Guard|p1b: Pelipper\n|-singleturn|p1b: Pelipper|Wide Guard\n|move|p1a: Floatzel|Wave Crash|p2b: Terrakion\n|-resisted|p2b: Terrakion\n|-damage|p2b: Terrakion|52\/100\n|-damage|p1a: Floatzel|81\/100|[from] Recoil\n|move|p2a: Maushold|Beat Up|p2b: Terrakion\n|-damage|p2b: Terrakion|49\/100\n|-ability|p2b: Terrakion|Justified|boost\n|-boost|p2b: Terrakion|atk|1\n|-damage|p2b: Terrakion|46\/100\n|-ability|p2b: Terrakion|Justified|boost\n|-boost|p2b: Terrakion|atk|1\n|-damage|p2b: Terrakion|44\/100\n|-ability|p2b: Terrakion|Justified|boost\n|-boost|p2b: Terrakion|atk|1\n|-damage|p2b: Terrakion|42\/100\n|-ability|p2b: Terrakion|Justified|boost\n|-boost|p2b: Terrakion|atk|1\n|-damage|p2b: Terrakion|39\/100\n|-ability|p2b: Terrakion|Justified|boost\n|-boost|p2b: Terrakion|atk|1\n|-damage|p2b: Terrakion|36\/100\n|-ability|p2b: Terrakion|Justified|boost\n|-boost|p2b: Terrakion|atk|1\n|-hitcount|p2b: Terrakion|6\n|move|p2b: Terrakion|Rock Slide|p1b: Pelipper|[spread] \n|-activate|p1a: Floatzel|move: Wide Guard\n|-activate|p1b: Pelipper|move: Wide Guard\n|\n|-weather|RainDance|[upkeep]\n|-heal|p2b: Terrakion|42\/100|[from] item: Leftovers\n|upkeep\n|turn|2\n|inactive|Livaras has 120 seconds left.\n|\n|t:|1711945138\n|move|p2b: Terrakion|Protect|p2b: Terrakion\n|-singleturn|p2b: Terrakion|Protect\n|move|p1b: Pelipper|Wide Guard|p1b: Pelipper\n|-singleturn|p1b: Pelipper|Wide Guard\n|move|p1a: Floatzel|Wave Crash|p2b: Terrakion\n|-activate|p2b: Terrakion|move: Protect\n|move|p2a: Maushold|Population Bomb|p1b: Pelipper|[miss]\n|-miss|p2a: Maushold|p1b: Pelipper\n|\n|-weather|RainDance|[upkeep]\n|-heal|p2b: Terrakion|48\/100|[from] item: Leftovers\n|upkeep\n|turn|3\n|inactive|Livaras has 120 seconds left.\n|\n|t:|1711945160\n|switch|p1b: Kilowattrel|Kilowattrel, M|100\/100\n|move|p1a: Floatzel|Wave Crash|p2b: Terrakion\n|-resisted|p2b: Terrakion\n|-damage|p2b: Terrakion|0 fnt\n|faint|p2b: Terrakion\n|-damage|p1a: Floatzel|61\/100|[from] Recoil\n|move|p2a: Maushold|Population Bomb|p1a: Floatzel\n|-damage|p1a: Floatzel|47\/100\n|-damage|p1a: Floatzel|35\/100\n|-damage|p1a: Floatzel|22\/100\n|-damage|p1a: Floatzel|8\/100\n|-damage|p1a: Floatzel|0 fnt\n|faint|p1a: Floatzel\n|-hitcount|p1: Floatzel|5\n|\n|-weather|RainDance|[upkeep]\n|upkeep\n|\n|t:|1711945177\n|switch|p2b: Sylveon|Sylveon, F, shiny|100\/100\n|switch|p1a: Pelipper|Pelipper, F|100\/100\n|turn|4\n|\n|t:|1711945183\n|move|p1a: Pelipper|Wide Guard|p1a: Pelipper\n|-singleturn|p1a: Pelipper|Wide Guard\n|move|p1b: Kilowattrel|Discharge|p2a: Maushold|[spread] p2a,p2b\n|-activate|p1a: Pelipper|move: Wide Guard\n|-damage|p2a: Maushold|57\/100\n|-damage|p2b: Sylveon|91\/100\n|move|p2a: Maushold|Tidy Up|p2a: Maushold\n|-boost|p2a: Maushold|atk|1\n|-boost|p2a: Maushold|spe|1\n|move|p2b: Sylveon|Calm Mind|p2b: Sylveon\n|-boost|p2b: Sylveon|spa|1\n|-boost|p2b: Sylveon|spd|1\n|\n|-weather|RainDance|[upkeep]\n|-heal|p2b: Sylveon|97\/100|[from] item: Leftovers\n|upkeep\n|turn|5\n|\n|t:|1711945206\n|switch|p1a: Archaludon|Archaludon, M|100\/100\n|move|p2a: Maushold|Population Bomb|p1b: Kilowattrel\n|-damage|p1b: Kilowattrel|78\/100\n|-damage|p1b: Kilowattrel|57\/100\n|-damage|p1b: Kilowattrel|37\/100\n|-damage|p1b: Kilowattrel|15\/100\n|-damage|p1b: Kilowattrel|0 fnt\n|faint|p1b: Kilowattrel\n|-hitcount|p1: Kilowattrel|5\n|move|p2b: Sylveon|Calm Mind|p2b: Sylveon\n|-boost|p2b: Sylveon|spa|1\n|-boost|p2b: Sylveon|spd|1\n|\n|-weather|RainDance|[upkeep]\n|-heal|p2b: Sylveon|100\/100|[from] item: Leftovers\n|upkeep\n|\n|t:|1711945213\n|switch|p1b: Rillaboom|Rillaboom, M|100\/100\n|-fieldstart|move: Grassy Terrain|[from] ability: Grassy Surge|[of] p1b: Rillaboom\n|turn|6\n|\n|t:|1711945231\n|move|p1b: Rillaboom|Fake Out|p2a: Maushold\n|-damage|p2a: Maushold|36\/100\n|cant|p2a: Maushold|flinch\n|move|p1a: Archaludon|Electro Shot||[still]\n|-prepare|p1a: Archaludon|Electro Shot\n|-boost|p1a: Archaludon|spa|1\n|-anim|p1a: Archaludon|Electro Shot|p2b: Sylveon\n|-damage|p2b: Sylveon|88\/100\n|move|p2b: Sylveon|Hyper Voice|p1b: Rillaboom|[spread] p1a,p1b\n|-damage|p1a: Archaludon|36\/100\n|-damage|p1b: Rillaboom|20\/100\n|-ability|p1a: Archaludon|Stamina|boost\n|-boost|p1a: Archaludon|def|1\n|\n|-weather|RainDance|[upkeep]\n|-heal|p2a: Maushold|42\/100|[from] Grassy Terrain\n|-heal|p1b: Rillaboom|26\/100|[from] Grassy Terrain\n|-heal|p1a: Archaludon|42\/100|[from] Grassy Terrain\n|-heal|p2b: Sylveon|94\/100|[from] Grassy Terrain\n|-heal|p2b: Sylveon|100\/100|[from] item: Leftovers\n|upkeep\n|turn|7\n|\n|t:|1711945247\n|-terastallize|p1a: Archaludon|Steel\n|move|p1b: Rillaboom|Grassy Glide|p2a: Maushold\n|-damage|p2a: Maushold|0 fnt\n|faint|p2a: Maushold\n|move|p1a: Archaludon|Flash Cannon|p2b: Sylveon\n|-supereffective|p2b: Sylveon\n|-damage|p2b: Sylveon|58\/100\n|move|p2b: Sylveon|Hyper Voice|p1a: Archaludon|[spread] p1a,p1b\n|-resisted|p1a: Archaludon\n|-damage|p1a: Archaludon|11\/100\n|-damage|p1b: Rillaboom|0 fnt\n|-ability|p1a: Archaludon|Stamina|boost\n|-boost|p1a: Archaludon|def|1\n|faint|p1b: Rillaboom\n|\n|-weather|RainDance|[upkeep]\n|-heal|p1a: Archaludon|17\/100|[from] Grassy Terrain\n|-heal|p2b: Sylveon|64\/100|[from] Grassy Terrain\n|-heal|p2b: Sylveon|70\/100|[from] item: Leftovers\n|upkeep\n|-message|Deltasolace forfeited.\n|\n|win|Livaras\n|raw|Deltasolace's rating: 1276 &rarr; <strong>1252<\/strong><br \/>(-24 for losing)\n|raw|Livaras's rating: 1284 &rarr; <strong>1308<\/strong><br \/>(+24 for winning)\n|l|\u2606Deltasolace\n|player|p1|\n|l|\u2606Livaras\n|player|p2|\n","uploadtime":1711945547,"views":0,"formatid":"gen9doublesou","rating":1252,"private":0,"password":null}