{"id":"gen9doublesou-2093372303","format":"[Gen 9] Doubles OU","players":["tristan35789","Xamotorp"],"log":"|j|\u2606tristan35789\n|j|\u2606Xamotorp\n|t:|1711946326\n|gametype|doubles\n|player|p1|tristan35789|1|1193\n|player|p2|Xamotorp|265|1216\n|teamsize|p1|6\n|teamsize|p2|6\n|gen|9\n|tier|[Gen 9] Doubles OU\n|rated|\n|rule|Species Clause: Limit one of each Pok\u00e9mon\n|rule|OHKO Clause: OHKO moves are banned\n|rule|Evasion Moves Clause: Evasion moves are banned\n|rule|Gravity Sleep Clause: The combination of sleep-inducing moves with imperfect accuracy and Gravity or Gigantamax Orbeetle are banned\n|rule|Endless Battle Clause: Forcing endless battles is banned\n|rule|HP Percentage Mod: HP is shown in percentages\n|clearpoke\n|poke|p1|Garganacl, M|\n|poke|p1|Mew|\n|poke|p1|Landorus-Therian, M|\n|poke|p1|Politoed, F|\n|poke|p1|Thundurus-Therian, M|\n|poke|p1|Sableye, F|\n|poke|p2|Latias, F|\n|poke|p2|Gliscor, F|\n|poke|p2|Sinistcha|\n|poke|p2|Ogerpon-Wellspring, F|\n|poke|p2|Landorus-Therian, M|\n|poke|p2|Amoonguss, M|\n|teampreview\n|\n|t:|1711946344\n|start\n|switch|p1a: Politoed|Politoed, F|100\/100\n|switch|p1b: Landorus|Landorus-Therian, M|100\/100\n|switch|p2a: Gliscor|Gliscor, F|100\/100\n|switch|p2b: Landorus|Landorus-Therian, M|100\/100\n|-ability|p1b: Landorus|Intimidate|boost\n|-unboost|p2a: Gliscor|atk|1\n|-unboost|p2b: Landorus|atk|1\n|-ability|p2b: Landorus|Intimidate|boost\n|-unboost|p1a: Politoed|atk|1\n|-unboost|p1b: Landorus|atk|1\n|-weather|RainDance|[from] ability: Drizzle|[of] p1a: Politoed\n|turn|1\n|\n|t:|1711946371\n|switch|p1b: Sableye|Sableye, F|100\/100\n|move|p2a: Gliscor|Toxic|p1b: Sableye\n|-status|p1b: Sableye|tox\n|move|p2b: Landorus|Stealth Rock|p1a: Politoed\n|-sidestart|p1: tristan35789|move: Stealth Rock\n|move|p1a: Politoed|Icy Wind|p2b: Landorus|[spread] p2a,p2b\n|-supereffective|p2a: Gliscor\n|-supereffective|p2b: Landorus\n|-damage|p2a: Gliscor|41\/100\n|-damage|p2b: Landorus|52\/100\n|-unboost|p2a: Gliscor|spe|1\n|-unboost|p2b: Landorus|spe|1\n|\n|-weather|RainDance|[upkeep]\n|-damage|p1b: Sableye|95\/100 tox|[from] psn\n|-status|p2a: Gliscor|tox|[from] item: Toxic Orb\n|upkeep\n|turn|2\n|\n|t:|1711946416\n|move|p2a: Gliscor|Protect|p2a: Gliscor\n|-singleturn|p2a: Gliscor|Protect\n|move|p1b: Sableye|Fake Out|p2b: Landorus\n|-damage|p2b: Landorus|46\/100\n|-enditem|p2b: Landorus|Sitrus Berry|[eat]\n|-heal|p2b: Landorus|71\/100|[from] item: Sitrus Berry\n|move|p1a: Politoed|Icy Wind|p2b: Landorus|[spread] p2b\n|-activate|p2a: Gliscor|move: Protect\n|-supereffective|p2b: Landorus\n|-damage|p2b: Landorus|26\/100\n|-unboost|p2b: Landorus|spe|1\n|cant|p2b: Landorus|flinch\n|\n|-weather|RainDance|[upkeep]\n|-heal|p2a: Gliscor|54\/100 tox|[from] ability: Poison Heal\n|-damage|p1b: Sableye|83\/100 tox|[from] psn\n|upkeep\n|turn|3\n|\n|t:|1711946465\n|move|p1b: Sableye|Helping Hand|p1a: Politoed\n|-singleturn|p1a: Politoed|Helping Hand|[of] p1b: Sableye\n|move|p1a: Politoed|Ice Beam|p2a: Gliscor\n|-supereffective|p2a: Gliscor\n|-crit|p2a: Gliscor\n|-damage|p2a: Gliscor|0 fnt\n|faint|p2a: Gliscor\n|move|p2b: Landorus|U-turn|p1b: Sableye\n|-damage|p1b: Sableye|66\/100 tox\n|\n|t:|1711946482\n|switch|p2b: Ogerpon|Ogerpon-Wellspring, F|100\/100|[from] U-turn\n|\n|-weather|RainDance|[upkeep]\n|-damage|p1b: Sableye|48\/100 tox|[from] psn\n|upkeep\n|\n|t:|1711946498\n|switch|p2a: Amoonguss|Amoonguss, M|100\/100\n|turn|4\n|\n|t:|1711946512\n|switch|p1b: Mew|Mew|100\/100\n|-damage|p1b: Mew|88\/100|[from] Stealth Rock\n|move|p2b: Ogerpon|Follow Me|p2b: Ogerpon\n|-singleturn|p2b: Ogerpon|move: Follow Me\n|move|p1a: Politoed|Icy Wind|p2b: Ogerpon|[spread] p2a,p2b\n|-supereffective|p2a: Amoonguss\n|-damage|p2a: Amoonguss|79\/100\n|-damage|p2b: Ogerpon|87\/100\n|-unboost|p2a: Amoonguss|spe|1\n|-unboost|p2b: Ogerpon|spe|1\n|move|p2a: Amoonguss|Spore|p1a: Politoed\n|-status|p1a: Politoed|slp|[from] move: Spore\n|\n|-weather|RainDance|[upkeep]\n|upkeep\n|turn|5\n|\n|t:|1711946549\n|switch|p1a: Sableye|Sableye, F|48\/100 tox\n|-damage|p1a: Sableye|35\/100 tox|[from] Stealth Rock\n|move|p1b: Mew|Icy Wind|p2b: Ogerpon|[spread] p2a,p2b\n|-supereffective|p2a: Amoonguss\n|-damage|p2a: Amoonguss|59\/100\n|-damage|p2b: Ogerpon|75\/100\n|-unboost|p2a: Amoonguss|spe|1\n|-unboost|p2b: Ogerpon|spe|1\n|move|p2b: Ogerpon|Ivy Cudgel|p1b: Mew|[anim] Ivy Cudgel Water\n|-damage|p1b: Mew|4\/100\n|-enditem|p1b: Mew|Aguav Berry|[eat]\n|-heal|p1b: Mew|37\/100|[from] item: Aguav Berry\n|move|p2a: Amoonguss|Pollen Puff|p1b: Mew\n|-supereffective|p1b: Mew\n|-damage|p1b: Mew|0 fnt\n|faint|p1b: Mew\n|\n|-weather|none\n|-damage|p1a: Sableye|30\/100 tox|[from] psn\n|upkeep\n|\n|t:|1711946577\n|switch|p1b: Landorus|Landorus-Therian, M|100\/100\n|-damage|p1b: Landorus|88\/100|[from] Stealth Rock\n|-ability|p1b: Landorus|Intimidate|boost\n|-unboost|p2a: Amoonguss|atk|1\n|-unboost|p2b: Ogerpon|atk|1\n|turn|6\n|\n|t:|1711946622\n|switch|p2a: Landorus|Landorus-Therian, M|26\/100\n|-ability|p2a: Landorus|Intimidate|boost\n|-unboost|p1a: Sableye|atk|1\n|-unboost|p1b: Landorus|atk|1\n|move|p2b: Ogerpon|Spiky Shield|p2b: Ogerpon\n|-singleturn|p2b: Ogerpon|move: Protect\n|move|p1a: Sableye|Fake Out|p2b: Ogerpon\n|-activate|p2b: Ogerpon|move: Protect\n|-damage|p1a: Sableye|17\/100 tox|[from] Spiky Shield|[of] p2b: Ogerpon\n|-enditem|p1a: Sableye|Figy Berry|[eat]\n|-heal|p1a: Sableye|51\/100 tox|[from] item: Figy Berry\n|move|p1b: Landorus|Sludge Wave|p2b: Ogerpon|[spread] p1a,p2a\n|-activate|p2b: Ogerpon|move: Protect\n|-resisted|p1a: Sableye\n|-resisted|p2a: Landorus\n|-damage|p1a: Sableye|34\/100 tox\n|-damage|p2a: Landorus|15\/100\n|\n|-damage|p1a: Sableye|23\/100 tox|[from] psn\n|upkeep\n|turn|7\n|\n|t:|1711946674\n|move|p2b: Ogerpon|Follow Me|p2b: Ogerpon\n|-singleturn|p2b: Ogerpon|move: Follow Me\n|move|p1a: Sableye|Recover|p1a: Sableye\n|-heal|p1a: Sableye|73\/100 tox\n|move|p1b: Landorus|Sludge Wave|p2b: Ogerpon|[spread] p1a,p2a,p2b\n|-resisted|p1a: Sableye\n|-resisted|p2a: Landorus\n|-supereffective|p2b: Ogerpon\n|-crit|p2b: Ogerpon\n|-damage|p1a: Sableye|54\/100 tox\n|-damage|p2a: Landorus|6\/100\n|-damage|p2b: Ogerpon|6\/100\n|move|p2a: Landorus|U-turn|p1a: Sableye\n|-damage|p1a: Sableye|31\/100 tox\n|\n|t:|1711946692\n|switch|p2a: Sinistcha|Sinistcha|100\/100|[from] U-turn\n|-heal|p2b: Ogerpon|31\/100|[from] ability: Hospitality|[of] p2a: Sinistcha\n|\n|-damage|p1a: Sableye|13\/100 tox|[from] psn\n|upkeep\n|turn|8\n|inactive|Battle timer is ON: inactive players will automatically lose when time's up. (requested by Xamotorp)\n|inactive|tristan35789 has 120 seconds left.\n|inactive|tristan35789 has 90 seconds left.\n|inactive|tristan35789 has 60 seconds left.\n|inactive|tristan35789 has 30 seconds left.\n|inactive|tristan35789 has 20 seconds left.\n|inactive|tristan35789 has 15 seconds left.\n|inactive|tristan35789 has 10 seconds left.\n|inactive|tristan35789 has 5 seconds left.\n|-message|tristan35789 lost due to inactivity.\n|\n|win|Xamotorp\n|raw|tristan35789's rating: 1193 &rarr; <strong>1170<\/strong><br \/>(-23 for losing)\n|raw|Xamotorp's rating: 1216 &rarr; <strong>1239<\/strong><br \/>(+23 for winning)\n|l|\u2606Xamotorp\n|player|p2|\n","uploadtime":1711947311,"views":0,"formatid":"gen9doublesou","rating":1170,"private":0,"password":null}