{"id":"gen9doublesou-2093372226","format":"[Gen 9] Doubles OU","players":["test4kion54","Boris245"],"log":"|j|\u2606test4kion54\n|j|\u2606Boris245\n|t:|1711946313\n|gametype|doubles\n|player|p1|test4kion54|102|1251\n|player|p2|Boris245|crasherwake|1268\n|teamsize|p1|6\n|teamsize|p2|6\n|gen|9\n|tier|[Gen 9] Doubles OU\n|rated|\n|rule|Species Clause: Limit one of each Pok\u00e9mon\n|rule|OHKO Clause: OHKO moves are banned\n|rule|Evasion Moves Clause: Evasion moves are banned\n|rule|Gravity Sleep Clause: The combination of sleep-inducing moves with imperfect accuracy and Gravity or Gigantamax Orbeetle are banned\n|rule|Endless Battle Clause: Forcing endless battles is banned\n|rule|HP Percentage Mod: HP is shown in percentages\n|clearpoke\n|poke|p1|Chi-Yu|\n|poke|p1|Indeedee, M|\n|poke|p1|Chien-Pao|\n|poke|p1|Torkoal, M|\n|poke|p1|Talonflame, M|\n|poke|p1|Lilligant-Hisui, F|\n|poke|p2|Primarina, M|\n|poke|p2|Incineroar, M|\n|poke|p2|Scream Tail|\n|poke|p2|Gyarados, F|\n|poke|p2|Latios, M|\n|poke|p2|Falinks|\n|teampreview\n|inactive|Battle timer is ON: inactive players will automatically lose when time's up. (requested by test4kion54)\n|\n|t:|1711946331\n|start\n|switch|p1a: Indeedee|Indeedee, M|100\/100\n|switch|p1b: Talonflame|Talonflame, M|100\/100\n|switch|p2a: Incineroar|Incineroar, M|100\/100\n|switch|p2b: Scream Tail|Scream Tail|100\/100\n|-fieldstart|move: Psychic Terrain|[from] ability: Psychic Surge|[of] p1a: Indeedee\n|-ability|p2a: Incineroar|Intimidate|boost\n|-unboost|p1a: Indeedee|atk|1\n|-unboost|p1b: Talonflame|atk|1\n|turn|1\n|inactive|test4kion54 has 120 seconds left.\n|\n|t:|1711946380\n|move|p2b: Scream Tail|Helping Hand|p2a: Incineroar\n|-singleturn|p2a: Incineroar|Helping Hand|[of] p2b: Scream Tail\n|move|p1b: Talonflame|Tailwind|p1b: Talonflame\n|-sidestart|p1: test4kion54|move: Tailwind\n|move|p1a: Indeedee|Shadow Ball|p2b: Scream Tail\n|-supereffective|p2b: Scream Tail\n|-damage|p2b: Scream Tail|49\/100\n|-enditem|p2b: Scream Tail|Sitrus Berry|[eat]\n|-heal|p2b: Scream Tail|74\/100|[from] item: Sitrus Berry\n|move|p2a: Incineroar|Knock Off|p1a: Indeedee\n|-supereffective|p1a: Indeedee\n|-damage|p1a: Indeedee|0 fnt\n|-enditem|p1a: Indeedee|Choice Specs|[from] move: Knock Off|[of] p2a: Incineroar\n|faint|p1a: Indeedee\n|\n|upkeep\n|\n|t:|1711946390\n|switch|p1a: Chien-Pao|Chien-Pao|100\/100\n|-ability|p1a: Chien-Pao|Sword of Ruin\n|turn|2\n|\n|t:|1711946405\n|move|p1a: Chien-Pao|Protect|p1a: Chien-Pao\n|-singleturn|p1a: Chien-Pao|Protect\n|move|p1b: Talonflame|Will-O-Wisp|p2b: Scream Tail\n|-status|p2b: Scream Tail|brn\n|move|p2b: Scream Tail|Dazzling Gleam|p1b: Talonflame|[spread] p1b\n|-activate|p1a: Chien-Pao|move: Protect\n|-resisted|p1b: Talonflame\n|-damage|p1b: Talonflame|92\/100\n|move|p2a: Incineroar|Flare Blitz|p1a: Chien-Pao\n|-activate|p1a: Chien-Pao|move: Protect\n|\n|-damage|p2b: Scream Tail|68\/100 brn|[from] brn\n|upkeep\n|turn|3\n|\n|t:|1711946420\n|move|p1a: Chien-Pao|Sacred Sword|p2a: Incineroar\n|-supereffective|p2a: Incineroar\n|-damage|p2a: Incineroar|50\/100\n|move|p1b: Talonflame|Roost|p1b: Talonflame\n|-heal|p1b: Talonflame|100\/100\n|-singleturn|p1b: Talonflame|move: Roost\n|move|p2b: Scream Tail|Noble Roar|p1b: Talonflame\n|-unboost|p1b: Talonflame|atk|1\n|-unboost|p1b: Talonflame|spa|1\n|move|p2a: Incineroar|Flare Blitz|p1a: Chien-Pao\n|-supereffective|p1a: Chien-Pao\n|-damage|p1a: Chien-Pao|0 fnt\n|faint|p1a: Chien-Pao\n|-damage|p2a: Incineroar|25\/100|[from] Recoil\n|\n|-damage|p2b: Scream Tail|61\/100 brn|[from] brn\n|upkeep\n|\n|t:|1711946424\n|switch|p1a: Chi-Yu|Chi-Yu|100\/100\n|-ability|p1a: Chi-Yu|Beads of Ruin\n|turn|4\n|inactive|Boris245 has 120 seconds left.\n|\n|t:|1711946467\n|switch|p2a: Gyarados|Gyarados, F|100\/100\n|move|p1b: Talonflame|Protect|p1b: Talonflame\n|-singleturn|p1b: Talonflame|Protect\n|move|p1a: Chi-Yu|Dark Pulse|p2a: Gyarados\n|-damage|p2a: Gyarados|48\/100\n|move|p2b: Scream Tail|Noble Roar|p1b: Talonflame\n|-activate|p1b: Talonflame|move: Protect\n|\n|-damage|p2b: Scream Tail|55\/100 brn|[from] brn\n|-sideend|p1: test4kion54|move: Tailwind\n|upkeep\n|turn|5\n|inactive|Boris245 has 120 seconds left.\n|\n|t:|1711946488\n|move|p1b: Talonflame|Tailwind|p1b: Talonflame\n|-sidestart|p1: test4kion54|move: Tailwind\n|move|p1a: Chi-Yu|Dark Pulse|p2a: Gyarados\n|-crit|p2a: Gyarados\n|-damage|p2a: Gyarados|0 fnt\n|faint|p2a: Gyarados\n|move|p2b: Scream Tail|Noble Roar|p1a: Chi-Yu\n|-unboost|p1a: Chi-Yu|atk|1\n|-unboost|p1a: Chi-Yu|spa|1\n|\n|-damage|p2b: Scream Tail|49\/100 brn|[from] brn\n|-fieldend|move: Psychic Terrain\n|upkeep\n|\n|t:|1711946495\n|switch|p2a: Falinks|Falinks|100\/100\n|turn|6\n|\n|t:|1711946503\n|move|p1a: Chi-Yu|Dark Pulse|p2b: Scream Tail\n|-damage|p2b: Scream Tail|19\/100 brn\n|move|p1b: Talonflame|Will-O-Wisp|p2a: Falinks\n|-status|p2a: Falinks|brn\n|move|p2b: Scream Tail|Noble Roar|p1a: Chi-Yu\n|-unboost|p1a: Chi-Yu|atk|1\n|-unboost|p1a: Chi-Yu|spa|1\n|move|p2a: Falinks|No Retreat|p2a: Falinks\n|-boost|p2a: Falinks|atk|1\n|-boost|p2a: Falinks|def|1\n|-boost|p2a: Falinks|spa|1\n|-boost|p2a: Falinks|spd|1\n|-boost|p2a: Falinks|spe|1\n|-start|p2a: Falinks|move: No Retreat\n|\n|-damage|p2b: Scream Tail|13\/100 brn|[from] brn\n|-damage|p2a: Falinks|94\/100 brn|[from] brn\n|upkeep\n|turn|7\n|\n|t:|1711946532\n|switch|p1a: Lilligant|Lilligant-Hisui, F|100\/100\n|switch|p1b: Torkoal|Torkoal, M|100\/100\n|-weather|SunnyDay|[from] ability: Drought|[of] p1b: Torkoal\n|-activate|p2b: Scream Tail|ability: Protosynthesis\n|-start|p2b: Scream Tail|protosynthesisspe\n|move|p2b: Scream Tail|Helping Hand|p2a: Falinks\n|-singleturn|p2a: Falinks|Helping Hand|[of] p2b: Scream Tail\n|move|p2a: Falinks|Rock Slide|p1a: Lilligant|[spread] p1a,p1b\n|-resisted|p1a: Lilligant\n|-supereffective|p1b: Torkoal\n|-damage|p1a: Lilligant|87\/100\n|-damage|p1b: Torkoal|71\/100\n|\n|-weather|SunnyDay|[upkeep]\n|-damage|p2b: Scream Tail|7\/100 brn|[from] brn\n|-damage|p2a: Falinks|88\/100 brn|[from] brn\n|upkeep\n|turn|8\n|\n|t:|1711946562\n|-terastallize|p1b: Torkoal|Fire\n|move|p1a: Lilligant|After You|p1b: Torkoal\n|-activate|p1b: Torkoal|move: After You\n|move|p1b: Torkoal|Eruption|p2b: Scream Tail|[spread] p2a,p2b\n|-damage|p2a: Falinks|1\/100 brn\n|-damage|p2b: Scream Tail|0 fnt\n|-enditem|p2a: Falinks|Sitrus Berry|[eat]\n|-heal|p2a: Falinks|26\/100 brn|[from] item: Sitrus Berry\n|faint|p2b: Scream Tail\n|-end|p2b: Scream Tail|Protosynthesis|[silent]\n|move|p2a: Falinks|Rock Slide|p1b: Torkoal|[spread] p1a,p1b\n|-resisted|p1a: Lilligant\n|-supereffective|p1b: Torkoal\n|-damage|p1a: Lilligant|77\/100\n|-damage|p1b: Torkoal|53\/100\n|\n|-weather|SunnyDay|[upkeep]\n|-damage|p2a: Falinks|20\/100 brn|[from] brn\n|-sideend|p1: test4kion54|move: Tailwind\n|upkeep\n|\n|t:|1711946571\n|switch|p2b: Incineroar|Incineroar, M|25\/100\n|-ability|p2b: Incineroar|Intimidate|boost\n|-unboost|p1a: Lilligant|atk|1\n|-unboost|p1b: Torkoal|atk|1\n|turn|9\n|\n|t:|1711946581\n|switch|p1a: Talonflame|Talonflame, M|100\/100\n|switch|p1b: Chi-Yu|Chi-Yu|100\/100\n|-ability|p1b: Chi-Yu|Beads of Ruin\n|move|p2b: Incineroar|Fake Out|p1a: Talonflame\n|-damage|p1a: Talonflame|88\/100\n|move|p2a: Falinks|Close Combat|p1b: Chi-Yu\n|-supereffective|p1b: Chi-Yu\n|-damage|p1b: Chi-Yu|0 fnt\n|-unboost|p2a: Falinks|def|1\n|-unboost|p2a: Falinks|spd|1\n|faint|p1b: Chi-Yu\n|\n|-weather|SunnyDay|[upkeep]\n|-damage|p2a: Falinks|14\/100 brn|[from] brn\n|upkeep\n|\n|t:|1711946589\n|switch|p1b: Lilligant|Lilligant-Hisui, F|77\/100\n|turn|10\n|\n|t:|1711946597\n|move|p1b: Lilligant|Close Combat|p2b: Incineroar\n|-supereffective|p2b: Incineroar\n|-damage|p2b: Incineroar|0 fnt\n|-unboost|p1b: Lilligant|def|1\n|-unboost|p1b: Lilligant|spd|1\n|faint|p2b: Incineroar\n|move|p1a: Talonflame|Tailwind|p1a: Talonflame\n|-sidestart|p1: test4kion54|move: Tailwind\n|move|p2a: Falinks|Rock Slide|p1b: Lilligant|[spread] p1a,p1b\n|-supereffective|p1a: Talonflame\n|-resisted|p1b: Lilligant\n|-damage|p1a: Talonflame|26\/100\n|-damage|p1b: Lilligant|63\/100\n|\n|-weather|SunnyDay|[upkeep]\n|-damage|p2a: Falinks|8\/100 brn|[from] brn\n|upkeep\n|\n|t:|1711946605\n|switch|p2b: Latios|Latios, M|100\/100\n|turn|11\n|\n|t:|1711946620\n|move|p1b: Lilligant|Close Combat|p2a: Falinks\n|-damage|p2a: Falinks|0 fnt\n|-unboost|p1b: Lilligant|def|1\n|-unboost|p1b: Lilligant|spd|1\n|faint|p2a: Falinks\n|move|p1a: Talonflame|Roost|p1a: Talonflame\n|-heal|p1a: Talonflame|76\/100\n|-singleturn|p1a: Talonflame|move: Roost\n|move|p2b: Latios|Psych Up|p2: Falinks|[notarget]\n|-fail|p2b: Latios\n|\n|-weather|none\n|upkeep\n|\n|t:|1711946623\n|switch|p2a: Primarina|Primarina, M|100\/100\n|turn|12\n|\n|t:|1711946634\n|switch|p1b: Torkoal|Torkoal, M, tera:Fire|53\/100\n|-weather|SunnyDay|[from] ability: Drought|[of] p1b: Torkoal\n|move|p1a: Talonflame|Will-O-Wisp|p2b: Latios\n|-status|p2b: Latios|brn\n|move|p2b: Latios|Luster Purge|p1a: Talonflame\n|-damage|p1a: Talonflame|1\/100\n|-unboost|p1a: Talonflame|spd|1\n|move|p2a: Primarina|Hyper Voice|p1a: Talonflame|[spread] p1a,p1b\n|-supereffective|p1a: Talonflame\n|-supereffective|p1b: Torkoal\n|-damage|p1a: Talonflame|0 fnt\n|-damage|p1b: Torkoal|5\/100\n|faint|p1a: Talonflame\n|-enditem|p2a: Primarina|Throat Spray\n|-boost|p2a: Primarina|spa|1|[from] item: Throat Spray\n|\n|-weather|SunnyDay|[upkeep]\n|-damage|p2b: Latios|94\/100 brn|[from] brn\n|upkeep\n|\n|t:|1711946636\n|switch|p1a: Lilligant|Lilligant-Hisui, F|63\/100\n|turn|13\n|\n|t:|1711946658\n|move|p1a: Lilligant|Petal Blizzard|p2a: Primarina|[spread] p1b,p2a,p2b\n|-resisted|p1b: Torkoal\n|-supereffective|p2a: Primarina\n|-resisted|p2b: Latios\n|-damage|p1b: Torkoal|0 fnt\n|-damage|p2a: Primarina|31\/100\n|-damage|p2b: Latios|73\/100 brn\n|faint|p1b: Torkoal\n|move|p2b: Latios|Luster Purge|p1a: Lilligant\n|-supereffective|p1a: Lilligant\n|-damage|p1a: Lilligant|0 fnt\n|faint|p1a: Lilligant\n|\n|win|Boris245\n|raw|test4kion54's rating: 1251 &rarr; <strong>1227<\/strong><br \/>(-24 for losing)\n|raw|Boris245's rating: 1268 &rarr; <strong>1292<\/strong><br \/>(+24 for winning)\n|l|\u2606Boris245\n|player|p2|\n|l|\u2606test4kion54\n|player|p1|\n","uploadtime":1711947040,"views":0,"formatid":"gen9doublesou","rating":1227,"private":0,"password":null}