{"id":"gen9doublesou-2093364332","format":"[Gen 9] Doubles OU","players":["Qqaaww","Schister"],"log":"|j|\u2606Qqaaww\n|j|\u2606Schister\n|t:|1711945012\n|gametype|doubles\n|player|p1|Qqaaww|mira|1601\n|player|p2|Schister|clair-gen2|1827\n|teamsize|p1|6\n|teamsize|p2|6\n|gen|9\n|tier|[Gen 9] Doubles OU\n|rated|\n|rule|Species Clause: Limit one of each Pok\u00e9mon\n|rule|OHKO Clause: OHKO moves are banned\n|rule|Evasion Moves Clause: Evasion moves are banned\n|rule|Gravity Sleep Clause: The combination of sleep-inducing moves with imperfect accuracy and Gravity or Gigantamax Orbeetle are banned\n|rule|Endless Battle Clause: Forcing endless battles is banned\n|rule|HP Percentage Mod: HP is shown in percentages\n|clearpoke\n|poke|p1|Rillaboom, F|\n|poke|p1|Pelipper, F|\n|poke|p1|Archaludon, F|\n|poke|p1|Incineroar, F|\n|poke|p1|Alcremie, F|\n|poke|p1|Milotic, M|\n|poke|p2|Keldeo-Resolute|\n|poke|p2|Chien-Pao|\n|poke|p2|Dragonite, M|\n|poke|p2|Gouging Fire|\n|poke|p2|Raging Bolt|\n|poke|p2|Amoonguss, M|\n|teampreview\n|inactive|Battle timer is ON: inactive players will automatically lose when time's up. (requested by Schister)\n|\n|t:|1711945040\n|start\n|switch|p1a: Incineroar|Incineroar, F|100\/100\n|switch|p1b: Alcremie|Alcremie, F|100\/100\n|switch|p2a: Gouging Fire|Gouging Fire|100\/100\n|switch|p2b: Dragonite|Dragonite, M|100\/100\n|-ability|p1a: Incineroar|Intimidate|boost\n|-unboost|p2a: Gouging Fire|atk|1\n|-fail|p2b: Dragonite|unboost|Attack|[from] ability: Inner Focus|[of] p2b: Dragonite\n|-enditem|p2a: Gouging Fire|Booster Energy\n|-activate|p2a: Gouging Fire|ability: Protosynthesis|[fromitem]\n|-start|p2a: Gouging Fire|protosynthesisspe\n|turn|1\n|\n|t:|1711945052\n|move|p2a: Gouging Fire|Howl|p2a: Gouging Fire|[spread] p2a,p2b\n|-boost|p2a: Gouging Fire|atk|1\n|-boost|p2b: Dragonite|atk|1\n|move|p1a: Incineroar|Parting Shot|p2b: Dragonite\n|-unboost|p2b: Dragonite|atk|1\n|-unboost|p2b: Dragonite|spa|1\n|\n|t:|1711945060\n|switch|p1a: Archaludon|Archaludon, F|100\/100|[from] Parting Shot\n|move|p1b: Alcremie|Dazzling Gleam|p2a: Gouging Fire|[spread] p2a,p2b\n|-supereffective|p2b: Dragonite\n|-damage|p2a: Gouging Fire|74\/100\n|-damage|p2b: Dragonite|50\/100\n|move|p2b: Dragonite|Iron Head|p1b: Alcremie\n|-supereffective|p1b: Alcremie\n|-damage|p1b: Alcremie|0 fnt\n|faint|p1b: Alcremie\n|\n|upkeep\n|\n|t:|1711945064\n|switch|p1b: Incineroar|Incineroar, F|100\/100\n|-ability|p1b: Incineroar|Intimidate|boost\n|-unboost|p2a: Gouging Fire|atk|1\n|-fail|p2b: Dragonite|unboost|Attack|[from] ability: Inner Focus|[of] p2b: Dragonite\n|turn|2\n|\n|t:|1711945073\n|-end|p2a: Gouging Fire|Protosynthesis|[silent]\n|switch|p2a: Raging Bolt|Raging Bolt|100\/100\n|switch|p2b: Amoonguss|Amoonguss, M|100\/100\n|move|p1b: Incineroar|Parting Shot|p2a: Raging Bolt\n|-unboost|p2a: Raging Bolt|atk|1\n|-unboost|p2a: Raging Bolt|spa|1\n|\n|t:|1711945080\n|switch|p1b: Pelipper|Pelipper, F|100\/100|[from] Parting Shot\n|-weather|RainDance|[from] ability: Drizzle|[of] p1b: Pelipper\n|move|p1a: Archaludon|Electro Shot||[still]\n|-prepare|p1a: Archaludon|Electro Shot\n|-boost|p1a: Archaludon|spa|1\n|-anim|p1a: Archaludon|Electro Shot|p2b: Amoonguss\n|-resisted|p2b: Amoonguss\n|-damage|p2b: Amoonguss|76\/100\n|\n|-weather|RainDance|[upkeep]\n|upkeep\n|turn|3\n|\n|t:|1711945101\n|-end|p2a: Raging Bolt|Protosynthesis|[silent]\n|switch|p2a: Keldeo|Keldeo-Resolute|100\/100\n|move|p1b: Pelipper|Hurricane|p2b: Amoonguss\n|-supereffective|p2b: Amoonguss\n|-damage|p2b: Amoonguss|14\/100\n|-start|p2b: Amoonguss|confusion\n|-enditem|p2b: Amoonguss|Sitrus Berry|[eat]\n|-heal|p2b: Amoonguss|39\/100|[from] item: Sitrus Berry\n|move|p1a: Archaludon|Electro Shot||[still]\n|-prepare|p1a: Archaludon|Electro Shot\n|-boost|p1a: Archaludon|spa|1\n|-anim|p1a: Archaludon|Electro Shot|p2b: Amoonguss\n|-resisted|p2b: Amoonguss\n|-damage|p2b: Amoonguss|12\/100\n|-activate|p2b: Amoonguss|confusion\n|move|p2b: Amoonguss|Spore|p1a: Archaludon\n|-status|p1a: Archaludon|slp|[from] move: Spore\n|\n|-weather|RainDance|[upkeep]\n|upkeep\n|turn|4\n|\n|t:|1711945121\n|switch|p2b: Chien-Pao|Chien-Pao|100\/100\n|-ability|p2b: Chien-Pao|Sword of Ruin\n|move|p1b: Pelipper|Hurricane|p2a: Keldeo\n|-supereffective|p2a: Keldeo\n|-damage|p2a: Keldeo|5\/100\n|move|p2a: Keldeo|Secret Sword|p1a: Archaludon\n|-supereffective|p1a: Archaludon\n|-damage|p1a: Archaludon|0 fnt\n|faint|p1a: Archaludon\n|\n|-weather|RainDance|[upkeep]\n|upkeep\n|\n|t:|1711945131\n|switch|p1a: Milotic|Milotic, M|100\/100\n|turn|5\n|\n|t:|1711945139\n|switch|p1b: Incineroar|Incineroar, F|100\/100\n|-ability|p1b: Incineroar|Intimidate|boost\n|-unboost|p2a: Keldeo|atk|1\n|-unboost|p2b: Chien-Pao|atk|1\n|-terastallize|p2b: Chien-Pao|Stellar\n|move|p2b: Chien-Pao|Ice Spinner|p1b: Incineroar\n|-resisted|p1b: Incineroar\n|-damage|p1b: Incineroar|73\/100\n|move|p2a: Keldeo|Secret Sword|p1a: Milotic\n|-damage|p1a: Milotic|1\/100\n|move|p1a: Milotic|Icy Wind|p2b: Chien-Pao|[spread] p2a,p2b\n|-resisted|p2a: Keldeo\n|-resisted|p2b: Chien-Pao\n|-damage|p2a: Keldeo|0 fnt\n|-damage|p2b: Chien-Pao|92\/100\n|-unboost|p2b: Chien-Pao|spe|1\n|faint|p2a: Keldeo\n|\n|-weather|RainDance|[upkeep]\n|-heal|p1a: Milotic|8\/100|[from] item: Leftovers\n|upkeep\n|\n|t:|1711945145\n|switch|p2a: Raging Bolt|Raging Bolt|100\/100\n|turn|6\n|\n|t:|1711945161\n|move|p1a: Milotic|Protect|p1a: Milotic\n|-singleturn|p1a: Milotic|Protect\n|move|p1b: Incineroar|Parting Shot|p2a: Raging Bolt\n|-unboost|p2a: Raging Bolt|atk|1\n|-unboost|p2a: Raging Bolt|spa|1\n|\n|t:|1711945165\n|switch|p1b: Rillaboom|Rillaboom, F|100\/100|[from] Parting Shot\n|-fieldstart|move: Grassy Terrain|[from] ability: Grassy Surge|[of] p1b: Rillaboom\n|move|p2b: Chien-Pao|Sacred Sword|p1b: Rillaboom\n|-damage|p1b: Rillaboom|62\/100\n|move|p2a: Raging Bolt|Electroweb|p1b: Rillaboom|[spread] p1b\n|-activate|p1a: Milotic|move: Protect\n|-resisted|p1b: Rillaboom\n|-damage|p1b: Rillaboom|52\/100\n|-unboost|p1b: Rillaboom|spe|1\n|\n|-weather|none\n|-heal|p2b: Chien-Pao|98\/100|[from] Grassy Terrain\n|-heal|p1a: Milotic|14\/100|[from] Grassy Terrain\n|-heal|p1a: Milotic|20\/100|[from] item: Leftovers\n|-heal|p1b: Rillaboom|58\/100|[from] Grassy Terrain\n|upkeep\n|turn|7\n|\n|t:|1711945172\n|-terastallize|p1a: Milotic|Fairy\n|move|p1b: Rillaboom|Fake Out|p2a: Raging Bolt\n|-damage|p2a: Raging Bolt|84\/100\n|move|p2b: Chien-Pao|Ice Spinner|p1b: Rillaboom\n|-supereffective|p1b: Rillaboom\n|-damage|p1b: Rillaboom|0 fnt\n|-fieldend|move: Grassy Terrain\n|faint|p1b: Rillaboom\n|move|p1a: Milotic|Draining Kiss|p2b: Chien-Pao\n|-supereffective|p2b: Chien-Pao\n|-damage|p2b: Chien-Pao|7\/100\n|-heal|p1a: Milotic|77\/100|[from] drain|[of] p2b: Chien-Pao\n|cant|p2a: Raging Bolt|flinch\n|\n|-heal|p1a: Milotic|84\/100|[from] item: Leftovers\n|upkeep\n|\n|t:|1711945187\n|switch|p1b: Incineroar|Incineroar, F|73\/100\n|-ability|p1b: Incineroar|Intimidate|boost\n|-unboost|p2a: Raging Bolt|atk|1\n|-unboost|p2b: Chien-Pao|atk|1\n|turn|8\n|\n|t:|1711945214\n|-end|p2a: Raging Bolt|Protosynthesis|[silent]\n|switch|p2a: Amoonguss|Amoonguss, M|45\/100\n|move|p1b: Incineroar|Parting Shot|p2a: Amoonguss\n|-unboost|p2a: Amoonguss|atk|1\n|-unboost|p2a: Amoonguss|spa|1\n|\n|t:|1711945219\n|switch|p1b: Pelipper|Pelipper, F|100\/100|[from] Parting Shot\n|-weather|RainDance|[from] ability: Drizzle|[of] p1b: Pelipper\n|move|p2b: Chien-Pao|Ice Spinner|p1a: Milotic\n|-damage|p1a: Milotic|52\/100\n|move|p1a: Milotic|Muddy Water|p2b: Chien-Pao|[spread] p2a,p2b\n|-resisted|p2a: Amoonguss\n|-damage|p2a: Amoonguss|30\/100\n|-damage|p2b: Chien-Pao|0 fnt\n|faint|p2b: Chien-Pao\n|\n|-weather|RainDance|[upkeep]\n|-heal|p1a: Milotic|59\/100|[from] item: Leftovers\n|upkeep\n|\n|t:|1711945224\n|switch|p2b: Raging Bolt|Raging Bolt|84\/100\n|turn|9\n|\n|t:|1711945232\n|switch|p1b: Incineroar|Incineroar, F|73\/100\n|-ability|p1b: Incineroar|Intimidate|boost\n|-unboost|p2a: Amoonguss|atk|1\n|-unboost|p2b: Raging Bolt|atk|1\n|move|p1a: Milotic|Icy Wind|p2b: Raging Bolt|[spread] p2a,p2b\n|-supereffective|p2a: Amoonguss\n|-supereffective|p2b: Raging Bolt\n|-damage|p2a: Amoonguss|14\/100\n|-damage|p2b: Raging Bolt|69\/100\n|-unboost|p2a: Amoonguss|spe|1\n|-unboost|p2b: Raging Bolt|spe|1\n|move|p2b: Raging Bolt|Electroweb|p1b: Incineroar|[spread] p1a,p1b\n|-damage|p1a: Milotic|41\/100\n|-damage|p1b: Incineroar|48\/100\n|-unboost|p1a: Milotic|spe|1\n|-ability|p1a: Milotic|Competitive|boost\n|-boost|p1a: Milotic|spa|2\n|-unboost|p1b: Incineroar|spe|1\n|move|p2a: Amoonguss|Sludge Bomb|p1a: Milotic\n|-supereffective|p1a: Milotic\n|-crit|p1a: Milotic\n|-damage|p1a: Milotic|0 fnt\n|faint|p1a: Milotic\n|\n|-weather|RainDance|[upkeep]\n|upkeep\n|-message|Qqaaww forfeited.\n|\n|win|Schister\n|raw|Qqaaww's rating: 1601 &rarr; <strong>1592<\/strong><br \/>(-9 for losing)\n|raw|Schister's rating: 1827 &rarr; <strong>1836<\/strong><br \/>(+9 for winning)\n|l|\u2606Qqaaww\n|player|p1|\n|l|\u2606Schister\n|player|p2|\n","uploadtime":1711945547,"views":1,"formatid":"gen9doublesou","rating":1592,"private":0,"password":null}