{"id":"gen9doublesou-2093368247","format":"[Gen 9] Doubles OU","players":["jsilva001","Livaras"],"log":"|j|\u2606jsilva001\n|j|\u2606Livaras\n|t:|1711945650\n|gametype|doubles\n|player|p1|jsilva001|169|1164\n|player|p2|Livaras|elesa-gen5bw2|1284\n|teamsize|p1|6\n|teamsize|p2|6\n|gen|9\n|tier|[Gen 9] Doubles OU\n|rated|\n|rule|Species Clause: Limit one of each Pok\u00e9mon\n|rule|OHKO Clause: OHKO moves are banned\n|rule|Evasion Moves Clause: Evasion moves are banned\n|rule|Gravity Sleep Clause: The combination of sleep-inducing moves with imperfect accuracy and Gravity or Gigantamax Orbeetle are banned\n|rule|Endless Battle Clause: Forcing endless battles is banned\n|rule|HP Percentage Mod: HP is shown in percentages\n|clearpoke\n|poke|p1|Iron Moth|\n|poke|p1|Dragonite, F|\n|poke|p1|Lurantis, F|\n|poke|p1|Incineroar, F|\n|poke|p1|Iron Hands|\n|poke|p1|Latias, F|\n|poke|p2|Terrakion|\n|poke|p2|Maushold|\n|poke|p2|Mew|\n|poke|p2|Sylveon, F|\n|poke|p2|Incineroar, F|\n|poke|p2|Amoonguss, F|\n|teampreview\n|\n|t:|1711945669\n|start\n|switch|p1a: Incineroar|Incineroar, F|100\/100\n|switch|p1b: Lurantis|Lurantis, F|100\/100\n|switch|p2a: Terrakion|Terrakion, shiny|100\/100\n|switch|p2b: Maushold|Maushold, shiny|100\/100\n|-ability|p1a: Incineroar|Intimidate|boost\n|-unboost|p2a: Terrakion|atk|1\n|-unboost|p2b: Maushold|atk|1\n|turn|1\n|\n|t:|1711945695\n|-terastallize|p1b: Lurantis|Fire\n|move|p1a: Incineroar|Fake Out|p2b: Maushold\n|-damage|p2b: Maushold|79\/100\n|cant|p2b: Maushold|flinch\n|move|p2a: Terrakion|Rock Slide|p1b: Lurantis|[spread] p1a,p1b\n|-supereffective|p1a: Incineroar\n|-supereffective|p1b: Lurantis\n|-damage|p1a: Incineroar|75\/100\n|-damage|p1b: Lurantis|57\/100\n|move|p1b: Lurantis|Superpower|p2b: Maushold\n|-supereffective|p2b: Maushold\n|-damage|p2b: Maushold|0 fnt\n|-boost|p1b: Lurantis|atk|1\n|-boost|p1b: Lurantis|def|1\n|faint|p2b: Maushold\n|\n|-heal|p1b: Lurantis|63\/100|[from] item: Leftovers\n|upkeep\n|inactive|Battle timer is ON: inactive players will automatically lose when time's up. (requested by jsilva001)\n|\n|t:|1711945712\n|switch|p2b: Mew|Mew, shiny|100\/100\n|turn|2\n|\n|t:|1711945734\n|move|p1b: Lurantis|Protect|p1b: Lurantis\n|-singleturn|p1b: Lurantis|Protect\n|move|p2b: Mew|Trick|p1b: Lurantis\n|-activate|p1b: Lurantis|move: Protect\n|move|p2a: Terrakion|Rock Slide|p1b: Lurantis|[spread] \n|-activate|p1b: Lurantis|move: Protect\n|-miss|p2a: Terrakion|p1a: Incineroar\n|move|p1a: Incineroar|Fire Punch|p2a: Terrakion\n|-resisted|p2a: Terrakion\n|-damage|p2a: Terrakion|82\/100\n|-status|p2a: Terrakion|brn\n|\n|-heal|p2a: Terrakion|88\/100 brn|[from] item: Leftovers\n|-heal|p1b: Lurantis|69\/100|[from] item: Leftovers\n|-damage|p2a: Terrakion|82\/100 brn|[from] brn\n|upkeep\n|turn|3\n|inactive|jsilva001 has 120 seconds left.\n|\n|t:|1711945771\n|move|p2b: Mew|Trick|p1b: Lurantis\n|-activate|p2b: Mew|move: Trick|[of] p1b: Lurantis\n|-item|p1b: Lurantis|Choice Scarf|[from] move: Trick\n|-item|p2b: Mew|Leftovers|[from] move: Trick\n|move|p2a: Terrakion|Rock Slide|p1a: Incineroar|[spread] p1a,p1b\n|-supereffective|p1a: Incineroar\n|-supereffective|p1b: Lurantis\n|-damage|p1a: Incineroar|62\/100\n|-damage|p1b: Lurantis|56\/100\n|cant|p1b: Lurantis|flinch\n|move|p1a: Incineroar|Fire Punch|p2b: Mew\n|-damage|p2b: Mew|61\/100\n|-status|p2b: Mew|brn\n|-activate|p2b: Mew|ability: Synchronize\n|-immune|p1a: Incineroar\n|\n|-heal|p2a: Terrakion|88\/100 brn|[from] item: Leftovers\n|-heal|p2b: Mew|67\/100 brn|[from] item: Leftovers\n|-damage|p2a: Terrakion|82\/100 brn|[from] brn\n|-damage|p2b: Mew|61\/100 brn|[from] brn\n|upkeep\n|turn|4\n|inactive|jsilva001 has 120 seconds left.\n|\n|t:|1711945812\n|move|p2a: Terrakion|Rock Slide|p1a: Incineroar|[spread] p1a,p1b\n|-supereffective|p1a: Incineroar\n|-supereffective|p1b: Lurantis\n|-damage|p1a: Incineroar|48\/100\n|-damage|p1b: Lurantis|44\/100\n|move|p2b: Mew|Imprison|p2b: Mew\n|-start|p2b: Mew|move: Imprison\n|cant|p1b: Lurantis|flinch\n|move|p1a: Incineroar|Thunder Punch|p2b: Mew\n|-damage|p2b: Mew|32\/100 brn\n|\n|-heal|p2a: Terrakion|88\/100 brn|[from] item: Leftovers\n|-heal|p2b: Mew|39\/100 brn|[from] item: Leftovers\n|-damage|p2a: Terrakion|82\/100 brn|[from] brn\n|-damage|p2b: Mew|32\/100 brn|[from] brn\n|upkeep\n|turn|5\n|inactive|jsilva001 has 120 seconds left.\n|\n|t:|1711945842\n|switch|p2a: Amoonguss|Amoonguss, F, shiny|100\/100\n|move|p2b: Mew|Transform|p1b: Lurantis\n|-transform|p2b: Mew|p1b: Lurantis\n|cant|p1b: Lurantis|move: Imprison|Superpower\n|move|p1a: Incineroar|Fire Punch|p2b: Mew\n|-supereffective|p2b: Mew\n|-damage|p2b: Mew|0 fnt\n|faint|p2b: Mew\n|\n|upkeep\n|inactive|Livaras has 120 seconds left.\n|\n|t:|1711945866\n|switch|p2b: Incineroar|Incineroar, F, shiny|100\/100\n|-ability|p2b: Incineroar|Intimidate|boost\n|-unboost|p1a: Incineroar|atk|1\n|-boost|p1b: Lurantis|atk|1\n|turn|6\n|inactive|jsilva001 has 120 seconds left.\n|\n|t:|1711945882\n|switch|p2a: Terrakion|Terrakion, shiny|82\/100 brn\n|move|p1b: Lurantis|Protect|p1b: Lurantis\n|-singleturn|p1b: Lurantis|Protect\n|move|p2b: Incineroar|Fake Out|p1a: Incineroar\n|-damage|p1a: Incineroar|35\/100\n|cant|p1a: Incineroar|flinch\n|\n|-heal|p2a: Terrakion|88\/100 brn|[from] item: Leftovers\n|-damage|p2a: Terrakion|82\/100 brn|[from] brn\n|upkeep\n|turn|7\n|\n|t:|1711945906\n|switch|p1b: Latias|Latias, F|100\/100\n|move|p2a: Terrakion|Rock Slide|p1b: Latias|[spread] p1b\n|-miss|p2a: Terrakion|p1a: Incineroar\n|-damage|p1b: Latias|87\/100\n|move|p1a: Incineroar|Fire Punch|p2a: Terrakion\n|-resisted|p2a: Terrakion\n|-damage|p2a: Terrakion|68\/100 brn\n|move|p2b: Incineroar|U-turn|p1a: Incineroar\n|-damage|p1a: Incineroar|13\/100\n|\n|t:|1711945920\n|switch|p2b: Sylveon|Sylveon, F, shiny|100\/100|[from] U-turn\n|\n|-heal|p2a: Terrakion|75\/100 brn|[from] item: Leftovers\n|-heal|p1b: Latias|93\/100|[from] item: Leftovers\n|-damage|p2a: Terrakion|68\/100 brn|[from] brn\n|upkeep\n|turn|8\n|\n|t:|1711945946\n|switch|p2a: Incineroar|Incineroar, F, shiny|100\/100\n|-ability|p2a: Incineroar|Intimidate|boost\n|-unboost|p1a: Incineroar|atk|1\n|-unboost|p1b: Latias|atk|1\n|move|p1b: Latias|Calm Mind|p1b: Latias\n|-boost|p1b: Latias|spa|1\n|-boost|p1b: Latias|spd|1\n|move|p1a: Incineroar|Fire Punch|p2b: Sylveon\n|-damage|p2b: Sylveon|77\/100\n|move|p2b: Sylveon|Calm Mind|p2b: Sylveon\n|-boost|p2b: Sylveon|spa|1\n|-boost|p2b: Sylveon|spd|1\n|\n|-heal|p1b: Latias|99\/100|[from] item: Leftovers\n|-heal|p2b: Sylveon|83\/100|[from] item: Leftovers\n|upkeep\n|turn|9\n|\n|t:|1711945970\n|move|p2a: Incineroar|Fake Out|p1b: Latias\n|-damage|p1b: Latias|83\/100\n|cant|p1b: Latias|flinch\n|move|p1a: Incineroar|Dark Pulse|p2a: Incineroar\n|-resisted|p2a: Incineroar\n|-damage|p2a: Incineroar|94\/100\n|move|p2b: Sylveon|Calm Mind|p2b: Sylveon\n|-boost|p2b: Sylveon|spa|1\n|-boost|p2b: Sylveon|spd|1\n|\n|-heal|p1b: Latias|89\/100|[from] item: Leftovers\n|-heal|p2b: Sylveon|89\/100|[from] item: Leftovers\n|upkeep\n|turn|10\n|\n|t:|1711945992\n|move|p1b: Latias|Calm Mind|p1b: Latias\n|-boost|p1b: Latias|spa|1\n|-boost|p1b: Latias|spd|1\n|move|p2a: Incineroar|Darkest Lariat|p1b: Latias\n|-supereffective|p1b: Latias\n|-damage|p1b: Latias|0 fnt\n|faint|p1b: Latias\n|move|p1a: Incineroar|Fire Punch|p2b: Sylveon\n|-damage|p2b: Sylveon|64\/100\n|move|p2b: Sylveon|Hyper Voice|p1a: Incineroar\n|-damage|p1a: Incineroar|0 fnt\n|faint|p1a: Incineroar\n|\n|-heal|p2b: Sylveon|71\/100|[from] item: Leftovers\n|upkeep\n|inactive|jsilva001 has 120 seconds left.\n|\n|t:|1711946016\n|switch|p1b: Iron Moth|Iron Moth|100\/100\n|switch|p1a: Lurantis|Lurantis, F, tera:Fire|44\/100\n|turn|11\n|\n|t:|1711946035\n|switch|p2a: Terrakion|Terrakion, shiny|68\/100 brn\n|move|p1a: Lurantis|Protect|p1a: Lurantis\n|-singleturn|p1a: Lurantis|Protect\n|move|p1b: Iron Moth|Sludge Wave|p2a: Terrakion|[spread] p2a,p2b\n|-activate|p1a: Lurantis|move: Protect\n|-resisted|p2a: Terrakion\n|-supereffective|p2b: Sylveon\n|-damage|p2a: Terrakion|51\/100 brn\n|-damage|p2b: Sylveon|49\/100\n|move|p2b: Sylveon|Wish|p2b: Sylveon\n|\n|-heal|p2a: Terrakion|57\/100 brn|[from] item: Leftovers\n|-heal|p2b: Sylveon|55\/100|[from] item: Leftovers\n|-damage|p2a: Terrakion|51\/100 brn|[from] brn\n|upkeep\n|turn|12\n|inactive|jsilva001 has 120 seconds left.\n|\n|t:|1711946076\n|switch|p1a: Iron Hands|Iron Hands|100\/100\n|move|p2b: Sylveon|Protect|p2b: Sylveon\n|-singleturn|p2b: Sylveon|Protect\n|move|p2a: Terrakion|Rock Slide|p1b: Iron Moth|[spread] p1a,p1b\n|-resisted|p1a: Iron Hands\n|-supereffective|p1b: Iron Moth\n|-damage|p1a: Iron Hands|96\/100\n|-damage|p1b: Iron Moth|71\/100\n|move|p1b: Iron Moth|Flamethrower|p2b: Sylveon\n|-activate|p2b: Sylveon|move: Protect\n|\n|-heal|p2b: Sylveon|100\/100|[from] move: Wish|[wisher] Sylveon\n|-heal|p2a: Terrakion|57\/100 brn|[from] item: Leftovers\n|-damage|p2a: Terrakion|51\/100 brn|[from] brn\n|upkeep\n|turn|13\n|inactive|jsilva001 has 120 seconds left.\n|\n|t:|1711946105\n|move|p2a: Terrakion|Rock Slide|p1b: Iron Moth|[spread] p1b\n|-miss|p2a: Terrakion|p1a: Iron Hands\n|-supereffective|p1b: Iron Moth\n|-crit|p1b: Iron Moth\n|-damage|p1b: Iron Moth|29\/100\n|move|p1b: Iron Moth|Dazzling Gleam|p2b: Sylveon|[spread] p2a,p2b\n|-supereffective|p2a: Terrakion\n|-damage|p2a: Terrakion|11\/100 brn\n|-damage|p2b: Sylveon|95\/100\n|move|p2b: Sylveon|Hyper Voice|p1b: Iron Moth|[spread] p1a,p1b\n|-supereffective|p1a: Iron Hands\n|-resisted|p1b: Iron Moth\n|-damage|p1a: Iron Hands|33\/100\n|-damage|p1b: Iron Moth|20\/100\n|move|p1a: Iron Hands|Drain Punch|p2b: Sylveon\n|-resisted|p2b: Sylveon\n|-damage|p2b: Sylveon|69\/100\n|-heal|p1a: Iron Hands|45\/100|[from] drain|[of] p2b: Sylveon\n|\n|-heal|p2a: Terrakion|17\/100 brn|[from] item: Leftovers\n|-heal|p2b: Sylveon|75\/100|[from] item: Leftovers\n|-damage|p2a: Terrakion|11\/100 brn|[from] brn\n|upkeep\n|turn|14\n|inactive|jsilva001 has 120 seconds left.\n|\n|t:|1711946135\n|move|p2a: Terrakion|Rock Slide|p1b: Iron Moth|[spread] p1a\n|-miss|p2a: Terrakion|p1b: Iron Moth\n|-resisted|p1a: Iron Hands\n|-damage|p1a: Iron Hands|40\/100\n|move|p1b: Iron Moth|Sludge Wave|p2b: Sylveon|[spread] p1a,p2a,p2b\n|-resisted|p2a: Terrakion\n|-crit|p2a: Terrakion\n|-supereffective|p2b: Sylveon\n|-damage|p1a: Iron Hands|19\/100\n|-damage|p2a: Terrakion|0 fnt\n|-damage|p2b: Sylveon|53\/100\n|faint|p2a: Terrakion\n|move|p2b: Sylveon|Hyper Voice|p1a: Iron Hands|[spread] p1a,p1b\n|-supereffective|p1a: Iron Hands\n|-resisted|p1b: Iron Moth\n|-damage|p1a: Iron Hands|0 fnt\n|-damage|p1b: Iron Moth|9\/100\n|faint|p1a: Iron Hands\n|-end|p1a: Iron Hands|Quark Drive|[silent]\n|\n|-heal|p2b: Sylveon|59\/100|[from] item: Leftovers\n|upkeep\n|inactive|jsilva001 has 120 seconds left.\n|\n|t:|1711946154\n|switch|p2a: Incineroar|Incineroar, F, shiny|94\/100\n|switch|p1a: Lurantis|Lurantis, F, tera:Fire|44\/100\n|-ability|p2a: Incineroar|Intimidate|boost\n|-boost|p1a: Lurantis|atk|1\n|-unboost|p1b: Iron Moth|atk|1\n|turn|15\n|inactive|jsilva001 has 120 seconds left.\n|\n|t:|1711946182\n|move|p2a: Incineroar|Fake Out|p1b: Iron Moth\n|-damage|p1b: Iron Moth|0 fnt\n|faint|p1b: Iron Moth\n|-end|p1b: Iron Moth|Quark Drive|[silent]\n|move|p1a: Lurantis|Superpower|p2a: Incineroar\n|-supereffective|p2a: Incineroar\n|-damage|p2a: Incineroar|0 fnt\n|-boost|p1a: Lurantis|atk|1\n|-boost|p1a: Lurantis|def|1\n|faint|p2a: Incineroar\n|move|p2b: Sylveon|Wish|p2b: Sylveon\n|\n|-heal|p2b: Sylveon|65\/100|[from] item: Leftovers\n|upkeep\n|\n|t:|1711946200\n|switch|p1b: Dragonite|Dragonite, F|100\/100\n|switch|p2a: Amoonguss|Amoonguss, F, shiny|100\/100\n|turn|16\n|\n|t:|1711946213\n|move|p2b: Sylveon|Protect|p2b: Sylveon\n|-singleturn|p2b: Sylveon|Protect\n|move|p1b: Dragonite|Dragon Claw|p2a: Amoonguss\n|-damage|p2a: Amoonguss|49\/100\n|-enditem|p2a: Amoonguss|Sitrus Berry|[eat]\n|-heal|p2a: Amoonguss|74\/100|[from] item: Sitrus Berry\n|move|p1a: Lurantis|Superpower|p2a: Amoonguss\n|-resisted|p2a: Amoonguss\n|-damage|p2a: Amoonguss|30\/100\n|-boost|p1a: Lurantis|atk|1\n|-boost|p1a: Lurantis|def|1\n|move|p2a: Amoonguss|Spore|p1b: Dragonite\n|-status|p1b: Dragonite|slp|[from] move: Spore\n|\n|-heal|p2b: Sylveon|100\/100|[from] move: Wish|[wisher] Sylveon\n|upkeep\n|turn|17\n|\n|t:|1711946241\n|cant|p1b: Dragonite|slp\n|move|p1a: Lurantis|Superpower|p2a: Amoonguss\n|-resisted|p2a: Amoonguss\n|-damage|p2a: Amoonguss|0 fnt\n|-boost|p1a: Lurantis|atk|1\n|-boost|p1a: Lurantis|def|1\n|-status|p1a: Lurantis|psn|[from] ability: Effect Spore|[of] p2a: Amoonguss\n|faint|p2a: Amoonguss\n|move|p2b: Sylveon|Hyper Voice|p1a: Lurantis|[spread] p1a,p1b\n|-resisted|p1a: Lurantis\n|-supereffective|p1b: Dragonite\n|-crit|p1b: Dragonite\n|-damage|p1a: Lurantis|11\/100 psn\n|-damage|p1b: Dragonite|30\/100 slp\n|\n|-heal|p1b: Dragonite|36\/100 slp|[from] item: Leftovers\n|-damage|p1a: Lurantis|0 fnt|[from] psn\n|faint|p1a: Lurantis\n|upkeep\n|turn|18\n|\n|t:|1711946260\n|-curestatus|p1b: Dragonite|slp|[msg]\n|move|p1b: Dragonite|Iron Head|p2b: Sylveon\n|-supereffective|p2b: Sylveon\n|-damage|p2b: Sylveon|24\/100\n|move|p2b: Sylveon|Hyper Voice|p1b: Dragonite\n|-supereffective|p1b: Dragonite\n|-crit|p1b: Dragonite\n|-damage|p1b: Dragonite|0 fnt\n|faint|p1b: Dragonite\n|\n|win|Livaras\n|raw|jsilva001's rating: 1164 &rarr; <strong>1149<\/strong><br \/>(-15 for losing)\n|raw|Livaras's rating: 1306 &rarr; <strong>1318<\/strong><br \/>(+12 for winning)\n|l|\u2606Livaras\n|player|p2|\n|l|\u2606jsilva001\n|player|p1|\n","uploadtime":1711946633,"views":0,"formatid":"gen9doublesou","rating":1149,"private":0,"password":null}