{"id":"gen9doublesou-2093373368","format":"[Gen 9] Doubles OU","players":["strykerpoopoo10","StarRipper"],"log":"|j|\u2606strykerpoopoo10\n|j|\u2606StarRipper\n|t:|1711946505\n|gametype|doubles\n|player|p1|strykerpoopoo10|101|1222\n|player|p2|StarRipper|brycenman|1241\n|teamsize|p1|6\n|teamsize|p2|6\n|gen|9\n|tier|[Gen 9] Doubles OU\n|rated|\n|rule|Species Clause: Limit one of each Pok\u00e9mon\n|rule|OHKO Clause: OHKO moves are banned\n|rule|Evasion Moves Clause: Evasion moves are banned\n|rule|Gravity Sleep Clause: The combination of sleep-inducing moves with imperfect accuracy and Gravity or Gigantamax Orbeetle are banned\n|rule|Endless Battle Clause: Forcing endless battles is banned\n|rule|HP Percentage Mod: HP is shown in percentages\n|clearpoke\n|poke|p1|Oranguru, M|\n|poke|p1|Tsareena, F|\n|poke|p1|Forretress, F|\n|poke|p1|Araquanid, F|\n|poke|p1|Hatterene, F|\n|poke|p1|Ogerpon, F|\n|poke|p2|Amoonguss, F|\n|poke|p2|Cresselia, F|\n|poke|p2|Kyurem|\n|poke|p2|Ninetales-Alola, F|\n|poke|p2|Iron Hands|\n|poke|p2|Incineroar, M|\n|teampreview\n|inactive|Battle timer is ON: inactive players will automatically lose when time's up. (requested by StarRipper)\n|\n|t:|1711946523\n|start\n|switch|p1a: Tsareena|Tsareena, F|100\/100\n|switch|p1b: Oranguru|Oranguru, M|100\/100\n|switch|p2a: Ninetales|Ninetales-Alola, F|100\/100\n|switch|p2b: Incineroar|Incineroar, M|100\/100\n|-weather|Snow|[from] ability: Snow Warning|[of] p2a: Ninetales\n|-ability|p2b: Incineroar|Intimidate|boost\n|-unboost|p1a: Tsareena|atk|1\n|-fail|p1b: Oranguru|unboost|Attack|[from] ability: Inner Focus|[of] p1b: Oranguru\n|turn|1\n|\n|t:|1711946546\n|move|p2a: Ninetales|Blizzard|p1b: Oranguru|[spread] p1a,p1b\n|-supereffective|p1a: Tsareena\n|-crit|p1b: Oranguru\n|-damage|p1a: Tsareena|26\/100\n|-damage|p1b: Oranguru|55\/100\n|move|p1a: Tsareena|Knock Off|p2b: Incineroar\n|-resisted|p2b: Incineroar\n|-damage|p2b: Incineroar|87\/100\n|-enditem|p2b: Incineroar|Assault Vest|[from] move: Knock Off|[of] p1a: Tsareena\n|-damage|p1a: Tsareena|16\/100|[from] item: Life Orb\n|move|p2b: Incineroar|Knock Off|p1b: Oranguru\n|-supereffective|p1b: Oranguru\n|-damage|p1b: Oranguru|0 fnt\n|-enditem|p1b: Oranguru|Mental Herb|[from] move: Knock Off|[of] p2b: Incineroar\n|faint|p1b: Oranguru\n|\n|-weather|Snow|[upkeep]\n|upkeep\n|inactive|strykerpoopoo10 has 120 seconds left.\n|\n|t:|1711946562\n|switch|p1b: Hatterene|Hatterene, F|100\/100\n|turn|2\n|\n|t:|1711946570\n|move|p2a: Ninetales|Aurora Veil|p2a: Ninetales\n|-sidestart|p2: StarRipper|move: Aurora Veil\n|move|p1a: Tsareena|U-turn|p2b: Incineroar\n|-damage|p2b: Incineroar|74\/100\n|-damage|p1a: Tsareena|6\/100|[from] item: Life Orb\n|\n|t:|1711946576\n|switch|p1a: Araquanid|Araquanid, F|100\/100|[from] U-turn\n|move|p2b: Incineroar|Flare Blitz|p1b: Hatterene\n|-damage|p1b: Hatterene|29\/100\n|-damage|p2b: Incineroar|55\/100|[from] Recoil\n|move|p1b: Hatterene|Trick Room|p1b: Hatterene\n|-fieldstart|move: Trick Room|[of] p1b: Hatterene\n|\n|-weather|Snow|[upkeep]\n|-heal|p1b: Hatterene|35\/100|[from] item: Leftovers\n|upkeep\n|turn|3\n|\n|t:|1711946603\n|move|p1b: Hatterene|Expanding Force|p2b: Incineroar\n|-immune|p2b: Incineroar\n|move|p1a: Araquanid|Waterfall|p2a: Ninetales\n|-damage|p2a: Ninetales|59\/100\n|move|p2b: Incineroar|U-turn|p1b: Hatterene\n|-damage|p1b: Hatterene|6\/100\n|\n|t:|1711946612\n|switch|p2b: Amoonguss|Amoonguss, F|100\/100|[from] U-turn\n|move|p2a: Ninetales|Nasty Plot|p2a: Ninetales\n|-boost|p2a: Ninetales|spa|2\n|\n|-weather|Snow|[upkeep]\n|-heal|p1b: Hatterene|12\/100|[from] item: Leftovers\n|upkeep\n|turn|4\n|\n|t:|1711946626\n|move|p2b: Amoonguss|Rage Powder|p2b: Amoonguss\n|-singleturn|p2b: Amoonguss|move: Rage Powder\n|move|p1b: Hatterene|Expanding Force|p2b: Amoonguss\n|-supereffective|p2b: Amoonguss\n|-damage|p2b: Amoonguss|61\/100\n|move|p1a: Araquanid|Waterfall|p2b: Amoonguss\n|-resisted|p2b: Amoonguss\n|-damage|p2b: Amoonguss|41\/100\n|-damage|p1a: Araquanid|84\/100|[from] item: Rocky Helmet|[of] p2b: Amoonguss\n|move|p2a: Ninetales|Draining Kiss|p1a: Araquanid\n|-damage|p1a: Araquanid|45\/100\n|-heal|p2a: Ninetales|87\/100|[from] drain|[of] p1a: Araquanid\n|\n|-weather|Snow|[upkeep]\n|-heal|p1b: Hatterene|18\/100|[from] item: Leftovers\n|upkeep\n|turn|5\n|\n|t:|1711946649\n|switch|p2b: Incineroar|Incineroar, M|55\/100\n|-ability|p2b: Incineroar|Intimidate|boost\n|-unboost|p1a: Araquanid|atk|1\n|-unboost|p1b: Hatterene|atk|1\n|move|p1b: Hatterene|Life Dew|p1b: Hatterene|[spread] p1a,p1b\n|-heal|p1a: Araquanid|70\/100\n|-heal|p1b: Hatterene|43\/100\n|move|p1a: Araquanid|Aqua Ring|p1a: Araquanid\n|-start|p1a: Araquanid|Aqua Ring\n|move|p2a: Ninetales|Blizzard|p1b: Hatterene|[spread] p1a,p1b\n|-resisted|p1a: Araquanid\n|-damage|p1a: Araquanid|41\/100\n|-damage|p1b: Hatterene|0 fnt\n|faint|p1b: Hatterene\n|\n|-weather|Snow|[upkeep]\n|-heal|p1a: Araquanid|47\/100|[from] Aqua Ring\n|upkeep\n|\n|t:|1711946669\n|switch|p1b: Tsareena|Tsareena, F|6\/100\n|turn|6\n|\n|t:|1711946685\n|switch|p2a: Amoonguss|Amoonguss, F|75\/100\n|move|p1a: Araquanid|Wide Guard|p1a: Araquanid\n|-singleturn|p1a: Araquanid|Wide Guard\n|move|p2b: Incineroar|Fake Out||[still]\n|cant|p1b: Tsareena|ability: Queenly Majesty|Fake Out|[of] p2b: Incineroar\n|move|p1b: Tsareena|Knock Off|p2a: Amoonguss\n|-damage|p2a: Amoonguss|44\/100\n|-damage|p1b: Tsareena|0 fnt|[from] item: Rocky Helmet|[of] p2a: Amoonguss\n|faint|p1b: Tsareena\n|\n|-weather|Snow|[upkeep]\n|-heal|p1a: Araquanid|53\/100|[from] Aqua Ring\n|-sideend|p2: StarRipper|move: Aurora Veil\n|-fieldend|move: Trick Room\n|upkeep\n|\n|t:|1711946702\n|switch|p1b: Ogerpon|Ogerpon, F|100\/100\n|turn|7\n|\n|t:|1711946723\n|move|p2a: Amoonguss|Rage Powder|p2a: Amoonguss\n|-singleturn|p2a: Amoonguss|move: Rage Powder\n|move|p1b: Ogerpon|Swords Dance|p1b: Ogerpon\n|-boost|p1b: Ogerpon|atk|2\n|move|p2b: Incineroar|Flare Blitz|p1b: Ogerpon\n|-supereffective|p1b: Ogerpon\n|-damage|p1b: Ogerpon|0 fnt\n|faint|p1b: Ogerpon\n|-damage|p2b: Incineroar|27\/100|[from] Recoil\n|move|p1a: Araquanid|Waterfall|p2a: Amoonguss\n|-resisted|p2a: Amoonguss\n|-damage|p2a: Amoonguss|22\/100\n|-damage|p1a: Araquanid|37\/100|[from] item: Rocky Helmet|[of] p2a: Amoonguss\n|\n|-weather|Snow|[upkeep]\n|-heal|p1a: Araquanid|43\/100|[from] Aqua Ring\n|upkeep\n|\n|t:|1711946740\n|switch|p1b: Forretress|Forretress, F|100\/100\n|turn|8\n|\n|t:|1711946759\n|switch|p2a: Iron Hands|Iron Hands|100\/100\n|-terastallize|p2b: Incineroar|Steel\n|-terastallize|p1b: Forretress|Ground\n|move|p1a: Araquanid|Wide Guard|p1a: Araquanid\n|-singleturn|p1a: Araquanid|Wide Guard\n|move|p2b: Incineroar|Flare Blitz|p1b: Forretress\n|-damage|p1b: Forretress|61\/100\n|-damage|p2b: Incineroar|18\/100|[from] Recoil\n|move|p1b: Forretress|Earthquake|p2a: Iron Hands|[spread] p2a,p2b\n|-activate|p1a: Araquanid|move: Wide Guard\n|-supereffective|p2a: Iron Hands\n|-supereffective|p2b: Incineroar\n|-damage|p2a: Iron Hands|72\/100\n|-damage|p2b: Incineroar|0 fnt\n|faint|p2b: Incineroar\n|\n|-weather|none\n|-heal|p1a: Araquanid|49\/100|[from] Aqua Ring\n|upkeep\n|\n|t:|1711946781\n|switch|p2b: Kyurem|Kyurem|100\/100\n|-ability|p2b: Kyurem|Pressure\n|turn|9\n|\n|t:|1711946796\n|move|p2a: Iron Hands|Fake Out|p1a: Araquanid\n|-damage|p1a: Araquanid|33\/100\n|move|p2b: Kyurem|Draco Meteor|p1b: Forretress\n|-damage|p1b: Forretress|0 fnt\n|-unboost|p2b: Kyurem|spa|2\n|faint|p1b: Forretress\n|cant|p1a: Araquanid|flinch\n|\n|-heal|p1a: Araquanid|39\/100|[from] Aqua Ring\n|upkeep\n|turn|10\n|\n|t:|1711946810\n|move|p2b: Kyurem|Draco Meteor|p1a: Araquanid\n|-damage|p1a: Araquanid|0 fnt\n|-unboost|p2b: Kyurem|spa|2\n|faint|p1a: Araquanid\n|\n|win|StarRipper\n|raw|strykerpoopoo10's rating: 1222 &rarr; <strong>1198<\/strong><br \/>(-24 for losing)\n|raw|StarRipper's rating: 1241 &rarr; <strong>1265<\/strong><br \/>(+24 for winning)\n|c|\u2606strykerpoopoo10|Gg\n|c|\u2606StarRipper|gg\n|l|\u2606strykerpoopoo10\n|player|p1|\n|l|\u2606StarRipper\n|player|p2|\n","uploadtime":1711947176,"views":0,"formatid":"gen9doublesou","rating":1198,"private":0,"password":null}