{"id":"gen6randombattle-2093300918","format":"[Gen 6] Random Battle","players":["JalenHurtsMVP","La.Hellhound"],"log":"|j|\u2606JalenHurtsMVP\n|j|\u203dLa.Hellhound\n|t:|1711936501\n|gametype|singles\n|player|p1|JalenHurtsMVP|infielder|1547\n|player|p2|La.Hellhound|bruno|1784\n|teamsize|p1|6\n|teamsize|p2|6\n|gen|6\n|tier|[Gen 6] Random Battle\n|rated|\n|rule|Sleep Clause Mod: Limit one foe put to sleep\n|rule|HP Percentage Mod: HP is shown in percentages\n|rule|Illusion Level Mod: Illusion disguises the Pok\u00e9mon's true level\n|\n|t:|1711936501\n|start\n|switch|p1a: Metagross|Metagross, L79|256\/256\n|switch|p2a: Umbreon|Umbreon, L83, F|293\/293\n|turn|1\n|inactive|Battle timer is ON: inactive players will automatically lose when time's up. (requested by La.Hellhound)\n|inactive|JalenHurtsMVP also wants the timer to be on.\n|inactive|La.Hellhound has 120 seconds left.\n|inactive|La.Hellhound has 90 seconds left.\n|\n|t:|1711936588\n|switch|p1a: Azumarill|Azumarill, L80, F|290\/290\n|move|p2a: Umbreon|Foul Play|p1a: Azumarill\n|-resisted|p1a: Azumarill\n|-damage|p1a: Azumarill|256\/290\n|\n|upkeep\n|turn|2\n|\n|t:|1711936598\n|move|p2a: Umbreon|Toxic|p1a: Azumarill\n|-status|p1a: Azumarill|tox\n|move|p1a: Azumarill|Belly Drum|p1a: Azumarill\n|-damage|p1a: Azumarill|111\/290 tox\n|-setboost|p1a: Azumarill|atk|6|[from] move: Belly Drum\n|-enditem|p1a: Azumarill|Sitrus Berry|[eat]\n|-heal|p1a: Azumarill|183\/290 tox|[from] item: Sitrus Berry\n|\n|-damage|p1a: Azumarill|165\/290 tox|[from] psn\n|upkeep\n|turn|3\n|\n|t:|1711936610\n|move|p2a: Umbreon|Protect|p2a: Umbreon\n|-singleturn|p2a: Umbreon|Protect\n|move|p1a: Azumarill|Waterfall|p2a: Umbreon\n|-activate|p2a: Umbreon|move: Protect\n|\n|-damage|p1a: Azumarill|129\/290 tox|[from] psn\n|upkeep\n|turn|4\n|\n|t:|1711936621\n|switch|p2a: Cresselia|Cresselia, L80, F|323\/323\n|move|p1a: Azumarill|Play Rough|p2a: Cresselia\n|-crit|p2a: Cresselia\n|-damage|p2a: Cresselia|0 fnt\n|faint|p2a: Cresselia\n|\n|-damage|p1a: Azumarill|75\/290 tox|[from] psn\n|upkeep\n|inactive|La.Hellhound has 120 seconds left.\n|\n|t:|1711936637\n|switch|p2a: Arcanine|Arcanine, L82, M|282\/282\n|-ability|p2a: Arcanine|Intimidate|boost\n|-unboost|p1a: Azumarill|atk|1\n|turn|5\n|\n|t:|1711936654\n|switch|p1a: Slowking|Slowking, L85, M|300\/300\n|move|p2a: Arcanine|Extreme Speed|p1a: Slowking\n|-damage|p1a: Slowking|213\/300\n|-damage|p2a: Arcanine|254\/282|[from] item: Life Orb\n|\n|upkeep\n|turn|6\n|inactive|La.Hellhound has 120 seconds left.\n|\n|t:|1711936674\n|switch|p2a: Cryogonal|Cryogonal, L89|269\/269\n|switch|p1a: Azumarill|Azumarill, L80, F|75\/290 tox\n|\n|-damage|p1a: Azumarill|57\/290 tox|[from] psn\n|upkeep\n|turn|7\n|\n|t:|1711936683\n|move|p1a: Azumarill|Aqua Jet|p2a: Cryogonal\n|-damage|p2a: Cryogonal|176\/269\n|move|p2a: Cryogonal|Freeze-Dry|p1a: Azumarill\n|-supereffective|p1a: Azumarill\n|-damage|p1a: Azumarill|0 fnt\n|faint|p1a: Azumarill\n|\n|-heal|p2a: Cryogonal|192\/269|[from] item: Leftovers\n|upkeep\n|\n|t:|1711936689\n|switch|p1a: Metagross|Metagross, L79|256\/256\n|turn|8\n|\n|t:|1711936704\n|switch|p2a: Umbreon|Umbreon, L83, F|293\/293\n|move|p1a: Metagross|Agility|p1a: Metagross\n|-boost|p1a: Metagross|spe|2\n|\n|upkeep\n|turn|9\n|inactive|JalenHurtsMVP has 120 seconds left.\n|\n|t:|1711936735\n|move|p1a: Metagross|Meteor Mash|p2a: Umbreon\n|-damage|p2a: Umbreon|206\/293\n|move|p2a: Umbreon|Wish|p2a: Umbreon\n|\n|-heal|p2a: Umbreon|224\/293|[from] item: Leftovers\n|upkeep\n|turn|10\n|inactive|La.Hellhound has 120 seconds left.\n|\n|t:|1711936789\n|move|p1a: Metagross|Meteor Mash|p2a: Umbreon|[miss]\n|-miss|p1a: Metagross|p2a: Umbreon\n|move|p2a: Umbreon|Foul Play|p1a: Metagross\n|-supereffective|p1a: Metagross\n|-damage|p1a: Metagross|74\/256\n|-enditem|p1a: Metagross|Weakness Policy\n|-boost|p1a: Metagross|atk|2|[from] item: Weakness Policy\n|-boost|p1a: Metagross|spa|2|[from] item: Weakness Policy\n|\n|-heal|p2a: Umbreon|293\/293|[from] move: Wish|[wisher] Umbreon\n|upkeep\n|turn|11\n|\n|t:|1711936799\n|switch|p1a: Houndoom|Houndoom, L80, F|251\/251\n|move|p2a: Umbreon|Foul Play|p1a: Houndoom\n|-resisted|p1a: Houndoom\n|-damage|p1a: Houndoom|194\/251\n|\n|upkeep\n|turn|12\n|\n|t:|1711936811\n|detailschange|p1a: Houndoom|Houndoom-Mega, L80, F\n|-mega|p1a: Houndoom|Houndoom|Houndoominite\n|move|p1a: Houndoom|Taunt|p2a: Umbreon\n|-start|p2a: Umbreon|move: Taunt\n|cant|p2a: Umbreon|move: Taunt|Toxic\n|\n|upkeep\n|turn|13\n|inactive|La.Hellhound has 90 seconds left.\n|\n|t:|1711936840\n|move|p1a: Houndoom|Nasty Plot|p1a: Houndoom\n|-boost|p1a: Houndoom|spa|2\n|move|p2a: Umbreon|Foul Play|p1a: Houndoom\n|-resisted|p1a: Houndoom\n|-damage|p1a: Houndoom|157\/251\n|\n|upkeep\n|turn|14\n|inactive|La.Hellhound has 90 seconds left.\n|\n|t:|1711936851\n|move|p1a: Houndoom|Fire Blast|p2a: Umbreon|[miss]\n|-miss|p1a: Houndoom|p2a: Umbreon\n|move|p2a: Umbreon|Foul Play|p1a: Houndoom\n|-resisted|p1a: Houndoom\n|-damage|p1a: Houndoom|121\/251\n|\n|-end|p2a: Umbreon|move: Taunt\n|upkeep\n|turn|15\n|inactive|La.Hellhound has 90 seconds left.\n|\n|t:|1711936862\n|switch|p2a: Arcanine|Arcanine, L82, M|254\/282\n|-ability|p2a: Arcanine|Intimidate|boost\n|-unboost|p1a: Houndoom|atk|1\n|move|p1a: Houndoom|Taunt|p2a: Arcanine\n|-start|p2a: Arcanine|move: Taunt\n|\n|upkeep\n|turn|16\n|\n|t:|1711936871\n|move|p2a: Arcanine|Extreme Speed|p1a: Houndoom\n|-damage|p1a: Houndoom|46\/251\n|-damage|p2a: Arcanine|226\/282|[from] item: Life Orb\n|move|p1a: Houndoom|Dark Pulse|p2a: Arcanine\n|-damage|p2a: Arcanine|0 fnt\n|faint|p2a: Arcanine\n|\n|upkeep\n|\n|t:|1711936879\n|switch|p2a: Cryogonal|Cryogonal, L89|192\/269\n|turn|17\n|\n|t:|1711936904\n|switch|p1a: Metagross|Metagross, L79|74\/256\n|move|p2a: Cryogonal|Hidden Power|p1a: Metagross\n|-supereffective|p1a: Metagross\n|-damage|p1a: Metagross|0 fnt\n|faint|p1a: Metagross\n|\n|-heal|p2a: Cryogonal|208\/269|[from] item: Leftovers\n|upkeep\n|\n|t:|1711936908\n|switch|p1a: Cinccino|Cinccino, L83, F|260\/260\n|turn|18\n|inactive|La.Hellhound has 90 seconds left.\n|inactive|La.Hellhound has 60 seconds left.\n|\n|t:|1711936987\n|move|p1a: Cinccino|Bullet Seed|p2a: Cryogonal\n|-damage|p2a: Cryogonal|162\/269\n|-damage|p2a: Cryogonal|110\/269\n|-damage|p2a: Cryogonal|62\/269\n|-damage|p2a: Cryogonal|11\/269\n|-damage|p2a: Cryogonal|0 fnt\n|faint|p2a: Cryogonal\n|-hitcount|p2: Cryogonal|5\n|\n|upkeep\n|\n|t:|1711937002\n|switch|p2a: Umbreon|Umbreon, L83, F|293\/293\n|turn|19\n|\n|t:|1711937026\n|switch|p1a: Nidoking|Nidoking, L81, M|264\/264\n|move|p2a: Umbreon|Toxic|p1a: Nidoking\n|-immune|p1a: Nidoking\n|\n|upkeep\n|turn|20\n|\n|t:|1711937032\n|move|p1a: Nidoking|Sludge Wave|p2a: Umbreon\n|-damage|p2a: Umbreon|184\/293\n|move|p2a: Umbreon|Wish|p2a: Umbreon\n|\n|-heal|p2a: Umbreon|202\/293|[from] item: Leftovers\n|upkeep\n|turn|21\n|\n|t:|1711937045\n|move|p1a: Nidoking|Sludge Wave|p2a: Umbreon\n|-damage|p2a: Umbreon|95\/293\n|move|p2a: Umbreon|Foul Play|p1a: Nidoking\n|-damage|p1a: Nidoking|167\/264\n|\n|-heal|p2a: Umbreon|241\/293|[from] move: Wish|[wisher] Umbreon\n|-heal|p2a: Umbreon|259\/293|[from] item: Leftovers\n|upkeep\n|turn|22\n|\n|t:|1711937055\n|switch|p1a: Houndoom|Houndoom-Mega, L80, F|46\/251\n|move|p2a: Umbreon|Wish|p2a: Umbreon\n|\n|-heal|p2a: Umbreon|277\/293|[from] item: Leftovers\n|upkeep\n|turn|23\n|inactive|La.Hellhound has 60 seconds left.\n|\n|t:|1711937064\n|move|p1a: Houndoom|Fire Blast|p2a: Umbreon\n|-damage|p2a: Umbreon|172\/293\n|move|p2a: Umbreon|Foul Play|p1a: Houndoom\n|-resisted|p1a: Houndoom\n|-damage|p1a: Houndoom|11\/251\n|\n|-heal|p2a: Umbreon|293\/293|[from] move: Wish|[wisher] Umbreon\n|upkeep\n|turn|24\n|\n|t:|1711937075\n|move|p1a: Houndoom|Taunt|p2a: Umbreon\n|-start|p2a: Umbreon|move: Taunt\n|move|p2a: Umbreon|Foul Play|p1a: Houndoom\n|-resisted|p1a: Houndoom\n|-damage|p1a: Houndoom|0 fnt\n|faint|p1a: Houndoom\n|\n|upkeep\n|\n|t:|1711937079\n|switch|p1a: Cinccino|Cinccino, L83, F|260\/260\n|turn|25\n|\n|t:|1711937085\n|switch|p2a: Arceus|Arceus-Rock, L71|288\/288\n|move|p1a: Cinccino|Tail Slap|p2a: Arceus\n|-resisted|p2a: Arceus\n|-damage|p2a: Arceus|269\/288\n|-resisted|p2a: Arceus\n|-damage|p2a: Arceus|251\/288\n|-resisted|p2a: Arceus\n|-damage|p2a: Arceus|233\/288\n|-resisted|p2a: Arceus\n|-damage|p2a: Arceus|213\/288\n|-resisted|p2a: Arceus\n|-damage|p2a: Arceus|195\/288\n|-hitcount|p2a: Arceus|5\n|\n|upkeep\n|turn|26\n|\n|t:|1711937105\n|switch|p1a: Slowking|Slowking, L85, M|300\/300\n|move|p2a: Arceus|Judgment|p1a: Slowking\n|-damage|p1a: Slowking|234\/300\n|\n|upkeep\n|turn|27\n|\n|t:|1711937112\n|switch|p2a: Umbreon|Umbreon, L83, F|293\/293\n|move|p1a: Slowking|Scald|p2a: Umbreon\n|-damage|p2a: Umbreon|230\/293\n|\n|-heal|p2a: Umbreon|248\/293|[from] item: Leftovers\n|upkeep\n|turn|28\n|\n|t:|1711937122\n|switch|p1a: Nidoking|Nidoking, L81, M|167\/264\n|move|p2a: Umbreon|Toxic|p1a: Nidoking\n|-immune|p1a: Nidoking\n|\n|-heal|p2a: Umbreon|266\/293|[from] item: Leftovers\n|upkeep\n|turn|29\n|\n|t:|1711937129\n|move|p2a: Umbreon|Protect|p2a: Umbreon\n|-singleturn|p2a: Umbreon|Protect\n|move|p1a: Nidoking|Sludge Wave|p2a: Umbreon\n|-activate|p2a: Umbreon|move: Protect\n|\n|-heal|p2a: Umbreon|284\/293|[from] item: Leftovers\n|upkeep\n|turn|30\n|inactive|La.Hellhound has 90 seconds left.\n|\n|t:|1711937136\n|move|p1a: Nidoking|Earth Power|p2a: Umbreon\n|-damage|p2a: Umbreon|181\/293\n|move|p2a: Umbreon|Wish|p2a: Umbreon\n|\n|-heal|p2a: Umbreon|199\/293|[from] item: Leftovers\n|upkeep\n|turn|31\n|\n|t:|1711937142\n|switch|p1a: Slowking|Slowking, L85, M|300\/300\n|move|p2a: Umbreon|Protect||[still]\n|-fail|p2a: Umbreon\n|\n|-heal|p2a: Umbreon|293\/293|[from] move: Wish|[wisher] Umbreon\n|upkeep\n|turn|32\n|\n|t:|1711937156\n|move|p2a: Umbreon|Toxic|p1a: Slowking\n|-status|p1a: Slowking|tox\n|move|p1a: Slowking|Scald|p2a: Umbreon\n|-damage|p2a: Umbreon|221\/293\n|\n|-heal|p2a: Umbreon|239\/293|[from] item: Leftovers\n|-damage|p1a: Slowking|282\/300 tox|[from] psn\n|upkeep\n|turn|33\n|\n|t:|1711937164\n|switch|p1a: Cinccino|Cinccino, L83, F|260\/260\n|move|p2a: Umbreon|Protect||[still]\n|-fail|p2a: Umbreon\n|\n|-heal|p2a: Umbreon|257\/293|[from] item: Leftovers\n|upkeep\n|turn|34\n|\n|t:|1711937175\n|move|p2a: Umbreon|Protect|p2a: Umbreon\n|-singleturn|p2a: Umbreon|Protect\n|move|p1a: Cinccino|Bullet Seed|p2a: Umbreon\n|-activate|p2a: Umbreon|move: Protect\n|\n|-heal|p2a: Umbreon|275\/293|[from] item: Leftovers\n|upkeep\n|turn|35\n|\n|t:|1711937184\n|switch|p1a: Nidoking|Nidoking, L81, M|167\/264\n|move|p2a: Umbreon|Wish|p2a: Umbreon\n|\n|-heal|p2a: Umbreon|293\/293|[from] item: Leftovers\n|upkeep\n|turn|36\n|inactive|La.Hellhound has 120 seconds left.\n|\n|t:|1711937190\n|move|p1a: Nidoking|Sludge Wave|p2a: Umbreon\n|-damage|p2a: Umbreon|194\/293\n|move|p2a: Umbreon|Foul Play|p1a: Nidoking\n|-damage|p1a: Nidoking|73\/264\n|\n|-heal|p2a: Umbreon|293\/293|[from] move: Wish|[wisher] Umbreon\n|upkeep\n|turn|37\n|\n|t:|1711937197\n|move|p1a: Nidoking|Sludge Wave|p2a: Umbreon\n|-damage|p2a: Umbreon|194\/293\n|move|p2a: Umbreon|Foul Play|p1a: Nidoking\n|-damage|p1a: Nidoking|0 fnt\n|faint|p1a: Nidoking\n|\n|-heal|p2a: Umbreon|212\/293|[from] item: Leftovers\n|upkeep\n|\n|t:|1711937202\n|switch|p1a: Slowking|Slowking, L85, M|300\/300 tox\n|turn|38\n|-message|JalenHurtsMVP forfeited.\n|\n|win|La.Hellhound\n|raw|JalenHurtsMVP's rating: 1547 &rarr; <strong>1539<\/strong><br \/>(-8 for losing)\n|raw|La.Hellhound's rating: 1784 &rarr; <strong>1792<\/strong><br \/>(+8 for winning)\n|l|\u2606JalenHurtsMVP\n|player|p1|\n","inputlog":">version 6cdde67ed88b47ab6b8ae5717517ae7b5d1ef27b\n>start {\"formatid\":\"gen6randombattle\",\"seed\":[43106,9192,27114,60466],\"rated\":\"Rated battle\"}\n>player p1 {\"name\":\"JalenHurtsMVP\",\"avatar\":\"infielder\",\"rating\":1547,\"seed\":[16593,21601,15673,64276]}\n>player p2 {\"name\":\"La.Hellhound\",\"avatar\":\"bruno\",\"rating\":1784,\"seed\":[10425,32140,24582,57358]}\n>p1 switch 3\n>p2 move foulplay\n>p1 move bellydrum\n>p2 move toxic\n>p1 move waterfall\n>p2 move protect\n>p1 move playrough\n>p2 switch 2\n>p2 switch 5\n>p1 switch 5\n>p2 move extremespeed\n>p1 switch 5\n>p2 switch 3\n>p1 move aquajet\n>p2 move freezedry\n>p1 switch 3\n>p1 move agility\n>p2 switch 2\n>p1 move meteormash\n>p2 move wish\n>p1 move meteormash\n>p2 move foulplay\n>p1 switch 6\n>p2 move foulplay\n>p1 move taunt mega\n>p2 move toxic\n>p1 move nastyplot\n>p2 move foulplay\n>p1 move fireblast\n>p2 move foulplay\n>p1 move taunt\n>p2 switch 3\n>p1 move darkpulse\n>p2 move extremespeed\n>p2 switch 2\n>p1 switch 6\n>p2 move hiddenpower\n>p1 switch 4\n>p1 move bulletseed\n>p2 move freezedry\n>p2 switch 3\n>p1 switch 2\n>p2 move toxic\n>p1 move sludgewave\n>p2 move wish\n>p1 move sludgewave\n>p2 move foulplay\n>p1 switch 6\n>p2 move wish\n>p1 move fireblast\n>p2 move foulplay\n>p1 move taunt\n>p2 move foulplay\n>p1 switch 2\n>p1 move tailslap\n>p2 switch 4\n>p1 switch 5\n>p2 move judgment\n>p1 move scald\n>p2 switch 4\n>p1 switch 6\n>p2 move toxic\n>p1 move sludgewave\n>p2 move protect\n>p1 move earthpower\n>p2 move wish\n>p1 switch 6\n>p2 move protect\n>p1 move scald\n>p2 move toxic\n>p1 switch 5\n>p2 move protect\n>p1 move bulletseed\n>p2 move protect\n>p1 switch 6\n>p2 move wish\n>p1 move sludgewave\n>p2 move foulplay\n>p1 move sludgewave\n>p2 move foulplay\n>p1 switch 5\n>forcelose p1","uploadtime":1711937207,"views":0,"formatid":"gen6randombattle","rating":1539,"private":0,"password":null}