{"id":"gen6randombattle-2093265472","format":"[Gen 6] Random Battle","players":["mridiotsauce","La.Hellhound"],"log":"|j|\u2606mridiotsauce\n|j|\u203dLa.Hellhound\n|t:|1711932135\n|gametype|singles\n|player|p1|mridiotsauce|colress|1739\n|player|p2|La.Hellhound|bruno|1701\n|teamsize|p1|6\n|teamsize|p2|6\n|gen|6\n|tier|[Gen 6] Random Battle\n|rated|\n|rule|Sleep Clause Mod: Limit one foe put to sleep\n|rule|HP Percentage Mod: HP is shown in percentages\n|rule|Illusion Level Mod: Illusion disguises the Pok\u00e9mon's true level\n|\n|t:|1711932135\n|start\n|switch|p1a: Blastoise|Blastoise, L84, M|270\/270\n|switch|p2a: Primeape|Primeape, L86, F|252\/252\n|turn|1\n|inactive|Battle timer is ON: inactive players will automatically lose when time's up. (requested by La.Hellhound)\n|\n|t:|1711932148\n|move|p2a: Primeape|U-turn|p1a: Blastoise\n|-damage|p1a: Blastoise|199\/270\n|\n|t:|1711932151\n|switch|p2a: Poliwrath|Poliwrath, L89, M|305\/305|[from] U-turn\n|move|p1a: Blastoise|Scald|p2a: Poliwrath\n|-immune|p2a: Poliwrath|[from] ability: Water Absorb\n|\n|-heal|p1a: Blastoise|215\/270|[from] item: Leftovers\n|upkeep\n|turn|2\n|\n|t:|1711932160\n|move|p1a: Blastoise|Toxic|p2a: Poliwrath\n|-status|p2a: Poliwrath|tox\n|move|p2a: Poliwrath|Circle Throw|p1a: Blastoise\n|-damage|p1a: Blastoise|154\/270\n|drag|p1a: Heatmor|Heatmor, L89, F|296\/296\n|\n|-damage|p2a: Poliwrath|286\/305 tox|[from] psn\n|upkeep\n|turn|3\n|\n|t:|1711932176\n|move|p2a: Poliwrath|Scald|p1a: Heatmor\n|-supereffective|p1a: Heatmor\n|-damage|p1a: Heatmor|128\/296\n|move|p1a: Heatmor|Giga Drain|p2a: Poliwrath\n|-supereffective|p2a: Poliwrath\n|-damage|p2a: Poliwrath|140\/305 tox\n|-heal|p1a: Heatmor|201\/296|[from] drain|[of] p2a: Poliwrath\n|-damage|p1a: Heatmor|172\/296|[from] item: Life Orb\n|\n|-heal|p2a: Poliwrath|159\/305 tox|[from] item: Leftovers\n|-damage|p2a: Poliwrath|121\/305 tox|[from] psn\n|upkeep\n|turn|4\n|\n|t:|1711932203\n|switch|p2a: Florges|Florges, L84, F|268\/268\n|switch|p1a: Parasect|Parasect, L98, M|276\/276\n|\n|upkeep\n|turn|5\n|\n|t:|1711932211\n|move|p2a: Florges|Toxic|p1a: Parasect\n|-status|p1a: Parasect|tox\n|move|p1a: Parasect|Spore|p2a: Florges\n|-status|p2a: Florges|slp|[from] move: Spore\n|\n|-damage|p1a: Parasect|259\/276 tox|[from] psn\n|upkeep\n|turn|6\n|\n|t:|1711932224\n|switch|p2a: Flareon|Flareon, L88, F|258\/258\n|move|p1a: Parasect|Aromatherapy|p1a: Parasect\n|-activate|p1a: Parasect|move: Aromatherapy\n|-curestatus|p1a: Parasect|tox|[msg]\n|\n|-heal|p1a: Parasect|276\/276|[from] item: Leftovers\n|-status|p2a: Flareon|tox|[from] item: Toxic Orb\n|upkeep\n|turn|7\n|-message|mridiotsauce forfeited.\n|\n|win|La.Hellhound\n|raw|mridiotsauce's rating: 1739 &rarr; <strong>1717<\/strong><br \/>(-22 for losing)\n|raw|La.Hellhound's rating: 1701 &rarr; <strong>1723<\/strong><br \/>(+22 for winning)\n|l|\u2606mridiotsauce\n|player|p1|\n","inputlog":">version 6cdde67ed88b47ab6b8ae5717517ae7b5d1ef27b\n>start {\"formatid\":\"gen6randombattle\",\"seed\":[50010,3916,55147,63146],\"rated\":\"Rated battle\"}\n>player p1 {\"name\":\"mridiotsauce\",\"avatar\":\"colress\",\"rating\":1739,\"seed\":[33182,40687,508,45010]}\n>player p2 {\"name\":\"La.Hellhound\",\"avatar\":\"bruno\",\"rating\":1701,\"seed\":[17931,53333,32803,64233]}\n>p1 move scald\n>p2 move uturn\n>p2 switch 4\n>p1 move toxic\n>p2 move circlethrow\n>p1 move gigadrain\n>p2 move scald\n>p1 switch 4\n>p2 switch 5\n>p1 move spore\n>p2 move toxic\n>p1 move aromatherapy\n>p2 switch 2\n>forcelose p1","uploadtime":1711932233,"views":0,"formatid":"gen6randombattle","rating":1717,"private":0,"password":null}