{"id":"gen6randombattle-2093304217","format":"[Gen 6] Random Battle","players":["Hackr6726","twinkeater123yes"],"log":"|j|\u2606Hackr6726\n|j|\u2606twinkeater123yes\n|t:|1711936908\n|gametype|singles\n|player|p1|Hackr6726|gambler|\n|player|p2|twinkeater123yes|101|\n|teamsize|p1|6\n|teamsize|p2|6\n|gen|6\n|tier|[Gen 6] Random Battle\n|rule|Sleep Clause Mod: Limit one foe put to sleep\n|rule|HP Percentage Mod: HP is shown in percentages\n|rule|Illusion Level Mod: Illusion disguises the Pok\u00e9mon's true level\n|\n|t:|1711936908\n|start\n|switch|p1a: Raichu|Raichu, L87, M|246\/246\n|switch|p2a: Minun|Minun, L91, M|257\/257\n|turn|1\n|\n|t:|1711936919\n|move|p1a: Raichu|Nasty Plot|p1a: Raichu\n|-boost|p1a: Raichu|spa|2\n|move|p2a: Minun|Hidden Power|p1a: Raichu\n|-damage|p1a: Raichu|207\/246\n|\n|upkeep\n|turn|2\n|\n|t:|1711936930\n|switch|p2a: Muk|Muk, L88, M|328\/328\n|move|p1a: Raichu|Surf|p2a: Muk\n|-damage|p2a: Muk|175\/328\n|-damage|p1a: Raichu|183\/246|[from] item: Life Orb\n|\n|-heal|p2a: Muk|195\/328|[from] item: Black Sludge\n|upkeep\n|turn|3\n|\n|t:|1711936940\n|move|p1a: Raichu|Thunderbolt|p2a: Muk\n|-damage|p2a: Muk|0 fnt\n|faint|p2a: Muk\n|-damage|p1a: Raichu|159\/246|[from] item: Life Orb\n|\n|upkeep\n|\n|t:|1711936945\n|switch|p2a: Heliolisk|Heliolisk, L83, M|239\/239\n|turn|4\n|\n|t:|1711936951\n|move|p1a: Raichu|Surf|p2a: Heliolisk\n|-immune|p2a: Heliolisk|[from] ability: Dry Skin\n|move|p2a: Heliolisk|Thunderbolt|p1a: Raichu\n|-ability|p1a: Raichu|Lightning Rod|boost\n|-boost|p1a: Raichu|spa|1\n|\n|upkeep\n|turn|5\n|\n|t:|1711936958\n|move|p1a: Raichu|Thunderbolt|p2a: Heliolisk\n|-resisted|p2a: Heliolisk\n|-damage|p2a: Heliolisk|83\/239\n|-damage|p1a: Raichu|135\/246|[from] item: Life Orb\n|move|p2a: Heliolisk|Hyper Voice|p1a: Raichu\n|-damage|p1a: Raichu|0 fnt\n|faint|p1a: Raichu\n|-damage|p2a: Heliolisk|60\/239|[from] item: Life Orb\n|\n|upkeep\n|\n|t:|1711936970\n|switch|p1a: Flygon|Flygon, L84, F|272\/272\n|turn|6\n|\n|t:|1711936975\n|move|p2a: Heliolisk|Hyper Voice|p1a: Flygon\n|-damage|p1a: Flygon|139\/272\n|-damage|p2a: Heliolisk|37\/239|[from] item: Life Orb\n|move|p1a: Flygon|Earthquake|p2a: Heliolisk\n|-supereffective|p2a: Heliolisk\n|-damage|p2a: Heliolisk|0 fnt\n|faint|p2a: Heliolisk\n|\n|-heal|p1a: Flygon|156\/272|[from] item: Leftovers\n|upkeep\n|\n|t:|1711936988\n|switch|p2a: Linoone|Linoone, L84, F|268\/268\n|turn|7\n|\n|t:|1711936994\n|move|p1a: Flygon|Roost|p1a: Flygon\n|-heal|p1a: Flygon|272\/272\n|-singleturn|p1a: Flygon|move: Roost\n|move|p2a: Linoone|Shadow Claw|p1a: Flygon\n|-damage|p1a: Flygon|229\/272\n|\n|-heal|p1a: Flygon|246\/272|[from] item: Leftovers\n|upkeep\n|turn|8\n|\n|t:|1711937006\n|move|p2a: Linoone|Seed Bomb|p1a: Flygon\n|-damage|p1a: Flygon|202\/272\n|move|p1a: Flygon|Draco Meteor|p2a: Linoone\n|-damage|p2a: Linoone|126\/268\n|-unboost|p1a: Flygon|spa|2\n|-enditem|p2a: Linoone|Sitrus Berry|[eat]\n|-heal|p2a: Linoone|193\/268|[from] item: Sitrus Berry\n|\n|-heal|p1a: Flygon|219\/272|[from] item: Leftovers\n|upkeep\n|turn|9\n|\n|t:|1711937017\n|switch|p2a: Exeggutor|Exeggutor, L92, M|324\/324\n|move|p1a: Flygon|Earthquake|p2a: Exeggutor\n|-resisted|p2a: Exeggutor\n|-damage|p2a: Exeggutor|270\/324\n|\n|-heal|p1a: Flygon|236\/272|[from] item: Leftovers\n|upkeep\n|turn|10\n|\n|t:|1711937031\n|switch|p1a: Moltres|Moltres, L82|282\/282\n|move|p2a: Exeggutor|Psychic|p1a: Moltres\n|-damage|p1a: Moltres|138\/282\n|\n|-heal|p1a: Moltres|155\/282|[from] item: Leftovers\n|upkeep\n|turn|11\n|\n|t:|1711937041\n|move|p1a: Moltres|Roost|p1a: Moltres\n|-heal|p1a: Moltres|282\/282\n|-singleturn|p1a: Moltres|move: Roost\n|move|p2a: Exeggutor|Psychic|p1a: Moltres\n|-damage|p1a: Moltres|147\/282\n|\n|-heal|p1a: Moltres|164\/282|[from] item: Leftovers\n|upkeep\n|turn|12\n|\n|t:|1711937051\n|move|p1a: Moltres|Fire Blast|p2a: Exeggutor\n|-supereffective|p2a: Exeggutor\n|-damage|p2a: Exeggutor|0 fnt\n|faint|p2a: Exeggutor\n|\n|-heal|p1a: Moltres|181\/282|[from] item: Leftovers\n|upkeep\n|\n|t:|1711937059\n|switch|p2a: Minun|Minun, L91, M|257\/257\n|turn|13\n|\n|t:|1711937068\n|move|p2a: Minun|Thunderbolt|p1a: Moltres\n|-supereffective|p1a: Moltres\n|-damage|p1a: Moltres|5\/282\n|-status|p1a: Moltres|par\n|move|p1a: Moltres|Roost|p1a: Moltres\n|-heal|p1a: Moltres|146\/282 par\n|-singleturn|p1a: Moltres|move: Roost\n|\n|-heal|p1a: Moltres|163\/282 par|[from] item: Leftovers\n|upkeep\n|turn|14\n|\n|t:|1711937078\n|switch|p1a: Flygon|Flygon, L84, F|236\/272\n|move|p2a: Minun|Thunderbolt|p1a: Flygon\n|-immune|p1a: Flygon\n|\n|-heal|p1a: Flygon|253\/272|[from] item: Leftovers\n|upkeep\n|turn|15\n|c|\u2606Hackr6726|ggs kid\n|\n|t:|1711937090\n|move|p2a: Minun|Hidden Power|p1a: Flygon\n|-supereffective|p1a: Flygon\n|-damage|p1a: Flygon|89\/272\n|move|p1a: Flygon|Earthquake|p2a: Minun\n|-supereffective|p2a: Minun\n|-damage|p2a: Minun|0 fnt\n|faint|p2a: Minun\n|\n|-heal|p1a: Flygon|106\/272|[from] item: Leftovers\n|upkeep\n|\n|t:|1711937098\n|switch|p2a: Mismagius|Mismagius, L85, M|241\/241\n|turn|16\n|\n|t:|1711937108\n|move|p2a: Mismagius|Trick|p1a: Flygon\n|-activate|p2a: Mismagius|move: Trick|[of] p1a: Flygon\n|-item|p1a: Flygon|Choice Specs|[from] move: Trick\n|-item|p2a: Mismagius|Leftovers|[from] move: Trick\n|move|p1a: Flygon|Roost|p1a: Flygon\n|-heal|p1a: Flygon|242\/272\n|-singleturn|p1a: Flygon|move: Roost\n|\n|upkeep\n|turn|17\n|\n|t:|1711937121\n|switch|p1a: Swalot|Swalot, L89, F|323\/323\n|move|p2a: Mismagius|Dazzling Gleam|p1a: Swalot\n|-resisted|p1a: Swalot\n|-damage|p1a: Swalot|291\/323\n|\n|-heal|p1a: Swalot|311\/323|[from] item: Black Sludge\n|upkeep\n|turn|18\n|\n|t:|1711937129\n|move|p2a: Mismagius|Thunderbolt|p1a: Swalot\n|-damage|p1a: Swalot|239\/323\n|move|p1a: Swalot|Encore|p2a: Mismagius\n|-start|p2a: Mismagius|Encore\n|\n|-heal|p1a: Swalot|259\/323|[from] item: Black Sludge\n|upkeep\n|turn|19\n|\n|t:|1711937139\n|switch|p1a: Flygon|Flygon, L84, F|242\/272\n|move|p2a: Mismagius|Thunderbolt|p1a: Flygon\n|-immune|p1a: Flygon\n|\n|upkeep\n|turn|20\n|\n|t:|1711937148\n|switch|p2a: Linoone|Linoone, L84, F|193\/268\n|move|p1a: Flygon|Draco Meteor|p2a: Linoone\n|-damage|p2a: Linoone|0 fnt\n|-unboost|p1a: Flygon|spa|2\n|faint|p2a: Linoone\n|\n|upkeep\n|\n|t:|1711937158\n|switch|p2a: Mismagius|Mismagius, L85, M|241\/241\n|turn|21\n|\n|t:|1711937163\n|move|p2a: Mismagius|Dazzling Gleam|p1a: Flygon\n|-supereffective|p1a: Flygon\n|-damage|p1a: Flygon|116\/272\n|move|p1a: Flygon|Draco Meteor|p2a: Mismagius\n|-damage|p2a: Mismagius|165\/241\n|-unboost|p1a: Flygon|spa|2\n|\n|-heal|p2a: Mismagius|180\/241|[from] item: Leftovers\n|upkeep\n|turn|22\n|\n|t:|1711937173\n|switch|p1a: Swalot|Swalot, L89, F|259\/323\n|move|p2a: Mismagius|Dazzling Gleam|p1a: Swalot\n|-resisted|p1a: Swalot\n|-damage|p1a: Swalot|228\/323\n|\n|-heal|p2a: Mismagius|195\/241|[from] item: Leftovers\n|-heal|p1a: Swalot|248\/323|[from] item: Black Sludge\n|upkeep\n|turn|23\n|\n|t:|1711937183\n|move|p2a: Mismagius|Shadow Ball|p1a: Swalot\n|-damage|p1a: Swalot|155\/323\n|move|p1a: Swalot|Encore|p2a: Mismagius\n|-start|p2a: Mismagius|Encore\n|\n|-heal|p2a: Mismagius|210\/241|[from] item: Leftovers\n|-heal|p1a: Swalot|175\/323|[from] item: Black Sludge\n|upkeep\n|turn|24\n|\n|t:|1711937192\n|switch|p1a: Blissey|Blissey, L84, F|566\/566\n|move|p2a: Mismagius|Shadow Ball|p1a: Blissey\n|-immune|p1a: Blissey\n|\n|-heal|p2a: Mismagius|225\/241|[from] item: Leftovers\n|upkeep\n|turn|25\n|\n|t:|1711937201\n|move|p2a: Mismagius|Shadow Ball|p1a: Blissey\n|-immune|p1a: Blissey\n|move|p1a: Blissey|Toxic|p2a: Mismagius\n|-status|p2a: Mismagius|tox\n|\n|-heal|p2a: Mismagius|240\/241 tox|[from] item: Leftovers\n|-damage|p2a: Mismagius|225\/241 tox|[from] psn\n|upkeep\n|turn|26\n|\n|t:|1711937211\n|move|p2a: Mismagius|Shadow Ball|p1a: Blissey\n|-immune|p1a: Blissey\n|move|p1a: Blissey|Stealth Rock|p2a: Mismagius\n|-sidestart|p2: twinkeater123yes|move: Stealth Rock\n|\n|-heal|p2a: Mismagius|240\/241 tox|[from] item: Leftovers\n|-damage|p2a: Mismagius|210\/241 tox|[from] psn\n|-end|p2a: Mismagius|Encore\n|upkeep\n|turn|27\n|\n|t:|1711937222\n|switch|p1a: Swalot|Swalot, L89, F|175\/323\n|move|p2a: Mismagius|Thunderbolt|p1a: Swalot\n|-damage|p1a: Swalot|101\/323\n|\n|-heal|p2a: Mismagius|225\/241 tox|[from] item: Leftovers\n|-heal|p1a: Swalot|121\/323|[from] item: Black Sludge\n|-damage|p2a: Mismagius|180\/241 tox|[from] psn\n|upkeep\n|turn|28\n|\n|t:|1711937232\n|move|p2a: Mismagius|Thunderbolt|p1a: Swalot\n|-damage|p1a: Swalot|49\/323\n|move|p1a: Swalot|Encore|p2a: Mismagius\n|-start|p2a: Mismagius|Encore\n|\n|-heal|p2a: Mismagius|195\/241 tox|[from] item: Leftovers\n|-heal|p1a: Swalot|69\/323|[from] item: Black Sludge\n|-damage|p2a: Mismagius|135\/241 tox|[from] psn\n|upkeep\n|turn|29\n|\n|t:|1711937241\n|switch|p1a: Flygon|Flygon, L84, F|116\/272\n|move|p2a: Mismagius|Thunderbolt|p1a: Flygon\n|-immune|p1a: Flygon\n|\n|-heal|p2a: Mismagius|150\/241 tox|[from] item: Leftovers\n|-damage|p2a: Mismagius|75\/241 tox|[from] psn\n|upkeep\n|turn|30\n|c|\u2606Hackr6726|i love toying with u\n|\n|t:|1711937251\n|move|p2a: Mismagius|Thunderbolt|p1a: Flygon\n|-immune|p1a: Flygon\n|move|p1a: Flygon|Roost|p1a: Flygon\n|-heal|p1a: Flygon|252\/272\n|-singleturn|p1a: Flygon|move: Roost\n|\n|-heal|p2a: Mismagius|90\/241 tox|[from] item: Leftovers\n|-damage|p2a: Mismagius|0 fnt|[from] psn\n|faint|p2a: Mismagius\n|\n|win|Hackr6726\n|upkeep\n|c|\u2606Hackr6726|HAHAHA\n","inputlog":">version 6cdde67ed88b47ab6b8ae5717517ae7b5d1ef27b\n>start {\"formatid\":\"gen6randombattle\",\"seed\":[3909,300,60618,31559]}\n>player p1 {\"name\":\"Hackr6726\",\"avatar\":\"gambler\",\"rating\":0,\"seed\":[28130,3187,25723,44911]}\n>player p2 {\"name\":\"twinkeater123yes\",\"avatar\":\"101\",\"rating\":0,\"seed\":[3159,23033,54989,35640]}\n>p1 move nastyplot\n>p2 move hiddenpower\n>p1 move surf\n>p2 switch 2\n>p1 move thunderbolt\n>p2 move haze\n>p2 switch 6\n>p1 move surf\n>p2 move thunderbolt\n>p1 move thunderbolt\n>p2 move hypervoice\n>p1 switch 6\n>p1 move earthquake\n>p2 move hypervoice\n>p2 switch 3\n>p1 move roost\n>p2 move shadowclaw\n>p1 move dracometeor\n>p2 move seedbomb\n>p1 move earthquake\n>p2 switch 5\n>p1 switch 4\n>p2 move psychic\n>p1 move roost\n>p2 move psychic\n>p1 move fireblast\n>p2 move psychic\n>p2 switch 2\n>p1 move roost\n>p2 move thunderbolt\n>p1 switch 4\n>p2 move thunderbolt\n>chat \u2606Hackr6726|ggs kid\n>p1 move earthquake\n>p2 move hiddenpower\n>p2 switch 4\n>p1 move roost\n>p2 move trick\n>p1 switch 2\n>p2 move dazzlinggleam\n>p1 move encore\n>p2 move thunderbolt\n>p1 switch 2\n>p2 move thunderbolt\n>p1 move dracometeor\n>p2 switch 5\n>p2 switch 5\n>p1 move dracometeor\n>p2 move dazzlinggleam\n>p1 switch 2\n>p2 move dazzlinggleam\n>p1 move encore\n>p2 move shadowball\n>p1 switch 5\n>p2 move shadowball\n>p1 move toxic\n>p2 move shadowball\n>p1 move stealthrock\n>p2 move shadowball\n>p1 switch 5\n>p2 move thunderbolt\n>p1 move encore\n>p2 move thunderbolt\n>p1 switch 2\n>p2 move thunderbolt\n>chat \u2606Hackr6726|i love toying with u\n>p1 move roost\n>p2 move thunderbolt","uploadtime":1711937261,"views":4,"formatid":"gen6randombattle","rating":null,"private":0,"password":null}