{"id":"gen6randombattle-2093306651","format":"[Gen 6] Random Battle","players":["La.Hellhound","pok fanaat"],"log":"|j|\u203dLa.Hellhound\n|j|\u2606pok fanaat\n|t:|1711937214\n|gametype|singles\n|player|p1|La.Hellhound|bruno|1792\n|player|p2|pok fanaat|266|1647\n|teamsize|p1|6\n|teamsize|p2|6\n|gen|6\n|tier|[Gen 6] Random Battle\n|rated|\n|rule|Sleep Clause Mod: Limit one foe put to sleep\n|rule|HP Percentage Mod: HP is shown in percentages\n|rule|Illusion Level Mod: Illusion disguises the Pok\u00e9mon's true level\n|\n|t:|1711937214\n|start\n|switch|p1a: Sudowoodo|Sudowoodo, L91, F|275\/275\n|switch|p2a: Swalot|Swalot, L89, M|323\/323\n|turn|1\n|inactive|Battle timer is ON: inactive players will automatically lose when time's up. (requested by La.Hellhound)\n|inactive|pok fanaat has 120 seconds left.\n|\n|t:|1711937264\n|switch|p2a: Furfrou|Furfrou-Diamond, L85, M|266\/266\n|move|p1a: Sudowoodo|Stealth Rock|p2a: Furfrou\n|-sidestart|p2: pok fanaat|move: Stealth Rock\n|\n|upkeep\n|turn|2\n|inactive|La.Hellhound has 120 seconds left.\n|\n|t:|1711937311\n|switch|p1a: Volbeat|Volbeat, L89, M|260\/260\n|move|p2a: Furfrou|Thunder Wave|p1a: Volbeat\n|-status|p1a: Volbeat|par\n|\n|upkeep\n|turn|3\n|\n|t:|1711937334\n|switch|p2a: Swalot|Swalot, L89, M|323\/323\n|-damage|p2a: Swalot|283\/323|[from] Stealth Rock\n|cant|p1a: Volbeat|par\n|\n|-heal|p2a: Swalot|303\/323|[from] item: Black Sludge\n|upkeep\n|turn|4\n|inactive|La.Hellhound has 90 seconds left.\n|\n|t:|1711937378\n|move|p1a: Volbeat|Thunder Wave|p2a: Swalot\n|-status|p2a: Swalot|par\n|move|p2a: Swalot|Sludge Bomb|p1a: Volbeat\n|-damage|p1a: Volbeat|176\/260 par\n|\n|-heal|p1a: Volbeat|192\/260 par|[from] item: Leftovers\n|-heal|p2a: Swalot|323\/323 par|[from] item: Black Sludge\n|upkeep\n|turn|5\n|\n|t:|1711937397\n|cant|p1a: Volbeat|par\n|cant|p2a: Swalot|par\n|\n|-heal|p1a: Volbeat|208\/260 par|[from] item: Leftovers\n|upkeep\n|turn|6\n|\n|t:|1711937403\n|cant|p1a: Volbeat|par\n|move|p2a: Swalot|Sludge Bomb|p1a: Volbeat\n|-damage|p1a: Volbeat|118\/260 par\n|\n|-heal|p1a: Volbeat|134\/260 par|[from] item: Leftovers\n|upkeep\n|turn|7\n|\n|t:|1711937410\n|move|p1a: Volbeat|Roost|p1a: Volbeat\n|-heal|p1a: Volbeat|260\/260 par\n|-singleturn|p1a: Volbeat|move: Roost\n|move|p2a: Swalot|Sludge Bomb|p1a: Volbeat\n|-damage|p1a: Volbeat|166\/260 par\n|\n|-heal|p1a: Volbeat|182\/260 par|[from] item: Leftovers\n|upkeep\n|turn|8\n|\n|t:|1711937420\n|cant|p1a: Volbeat|par\n|move|p2a: Swalot|Sludge Bomb|p1a: Volbeat\n|-damage|p1a: Volbeat|89\/260 par\n|\n|-heal|p1a: Volbeat|105\/260 par|[from] item: Leftovers\n|upkeep\n|turn|9\n|inactive|La.Hellhound has 90 seconds left.\n|\n|t:|1711937427\n|cant|p1a: Volbeat|par\n|move|p2a: Swalot|Sludge Bomb|p1a: Volbeat\n|-damage|p1a: Volbeat|12\/260 par\n|\n|-heal|p1a: Volbeat|28\/260 par|[from] item: Leftovers\n|upkeep\n|turn|10\n|\n|t:|1711937434\n|switch|p1a: Sudowoodo|Sudowoodo, L91, F|275\/275\n|move|p2a: Swalot|Sludge Bomb|p1a: Sudowoodo\n|-resisted|p1a: Sudowoodo\n|-damage|p1a: Sudowoodo|228\/275\n|-status|p1a: Sudowoodo|psn\n|\n|-heal|p1a: Sudowoodo|245\/275 psn|[from] item: Leftovers\n|-damage|p1a: Sudowoodo|211\/275 psn|[from] psn\n|upkeep\n|turn|11\n|\n|t:|1711937445\n|switch|p2a: Furfrou|Furfrou-Diamond, L85, M|266\/266\n|-damage|p2a: Furfrou|233\/266|[from] Stealth Rock\n|move|p1a: Sudowoodo|Stone Edge|p2a: Furfrou\n|-damage|p2a: Furfrou|154\/266\n|\n|-heal|p1a: Sudowoodo|228\/275 psn|[from] item: Leftovers\n|-damage|p1a: Sudowoodo|194\/275 psn|[from] psn\n|upkeep\n|turn|12\n|\n|t:|1711937470\n|switch|p1a: Clefable|Clefable, L80, M|283\/283\n|move|p2a: Furfrou|Return|p1a: Clefable\n|-damage|p1a: Clefable|174\/283\n|\n|-heal|p1a: Clefable|191\/283|[from] item: Leftovers\n|upkeep\n|turn|13\n|\n|t:|1711937485\n|move|p2a: Furfrou|U-turn|p1a: Clefable\n|-resisted|p1a: Clefable\n|-damage|p1a: Clefable|165\/283\n|\n|t:|1711937490\n|switch|p2a: Swalot|Swalot, L89, M|323\/323 par|[from] U-turn\n|-damage|p2a: Swalot|283\/323 par|[from] Stealth Rock\n|move|p1a: Clefable|Aromatherapy|p1a: Clefable\n|-activate|p1a: Clefable|move: Aromatherapy\n|-curestatus|p1: Sudowoodo|psn|[msg]\n|-curestatus|p1: Volbeat|par|[msg]\n|\n|-heal|p1a: Clefable|182\/283|[from] item: Leftovers\n|-heal|p2a: Swalot|303\/323 par|[from] item: Black Sludge\n|upkeep\n|turn|14\n|\n|t:|1711937505\n|switch|p1a: Meowstic|Meowstic, L86, M|268\/268\n|move|p2a: Swalot|Sludge Bomb|p1a: Meowstic\n|-damage|p1a: Meowstic|174\/268\n|\n|-heal|p1a: Meowstic|190\/268|[from] item: Leftovers\n|-heal|p2a: Swalot|323\/323 par|[from] item: Black Sludge\n|upkeep\n|turn|15\n|\n|t:|1711937522\n|switch|p2a: Reuniclus|Reuniclus, L85, F|326\/326\n|move|p1a: Meowstic|Psychic|p2a: Reuniclus\n|-resisted|p2a: Reuniclus\n|-damage|p2a: Reuniclus|279\/326\n|\n|-heal|p1a: Meowstic|206\/268|[from] item: Leftovers\n|upkeep\n|turn|16\n|inactive|La.Hellhound has 90 seconds left.\n|\n|t:|1711937543\n|move|p1a: Meowstic|Thunder Wave|p2a: Reuniclus\n|-status|p2a: Reuniclus|par\n|move|p2a: Reuniclus|Shadow Ball|p1a: Meowstic\n|-supereffective|p1a: Meowstic\n|-damage|p1a: Meowstic|8\/268\n|\n|-heal|p1a: Meowstic|24\/268|[from] item: Leftovers\n|upkeep\n|turn|17\n|inactive|La.Hellhound has 90 seconds left.\n|\n|t:|1711937556\n|switch|p1a: Shiftry|Shiftry, L88, F|302\/302\n|move|p2a: Reuniclus|Psyshock|p1a: Shiftry\n|-immune|p1a: Shiftry\n|\n|upkeep\n|turn|18\n|inactive|pok fanaat has 120 seconds left.\n|\n|t:|1711937578\n|switch|p2a: Swalot|Swalot, L89, M|323\/323 par\n|-damage|p2a: Swalot|283\/323 par|[from] Stealth Rock\n|move|p1a: Shiftry|Knock Off|p2a: Swalot\n|-crit|p2a: Swalot\n|-damage|p2a: Swalot|71\/323 par\n|-activate|p2a: Swalot|ability: Sticky Hold\n|-damage|p1a: Shiftry|272\/302|[from] item: Life Orb\n|\n|-heal|p2a: Swalot|91\/323 par|[from] item: Black Sludge\n|upkeep\n|turn|19\n|inactive|pok fanaat has 120 seconds left.\n|\n|t:|1711937593\n|move|p1a: Shiftry|Knock Off|p2a: Swalot\n|-damage|p2a: Swalot|0 fnt\n|-enditem|p2a: Swalot|Black Sludge|[from] move: Knock Off|[of] p1a: Shiftry\n|faint|p2a: Swalot\n|-damage|p1a: Shiftry|242\/302|[from] item: Life Orb\n|\n|upkeep\n|inactive|pok fanaat has 120 seconds left.\n|\n|t:|1711937615\n|switch|p2a: Furfrou|Furfrou-Diamond, L85, M|154\/266\n|-damage|p2a: Furfrou|121\/266|[from] Stealth Rock\n|turn|20\n|inactive|La.Hellhound has 90 seconds left.\n|\n|t:|1711937643\n|switch|p1a: Sudowoodo|Sudowoodo, L91, F|194\/275\n|move|p2a: Furfrou|U-turn|p1a: Sudowoodo\n|-damage|p1a: Sudowoodo|161\/275\n|c|\u2606pok fanaat|!dex sticky hold\n|raw|<ul class=\"utilichart\"><li class=\"result\"><span class=\"col namecol\"><a href=\"https:\/\/dex.pokemonshowdown.com\/abilities\/stickyhold\">Sticky Hold<\/a><\/span> <span class=\"col abilitydesccol\">This Pokemon cannot lose its held item due to another Pokemon's Ability or attack.<\/span> <\/li><li style=\"clear:both\"><\/li><\/ul>\n\n|c|\u2606pok fanaat|how\n|inactive|pok fanaat has 90 seconds left.\n|\n|t:|1711937702\n|switch|p2a: Seviper|Seviper, L90, F|278\/278|[from] U-turn\n|-damage|p2a: Seviper|244\/278|[from] Stealth Rock\n|\n|-heal|p1a: Sudowoodo|178\/275|[from] item: Leftovers\n|upkeep\n|turn|21\n|inactive|La.Hellhound has 90 seconds left.\n|c|\u2606pok fanaat|!dex pickpocket\n|raw|<ul class=\"utilichart\"><li class=\"result\"><span class=\"col namecol\"><a href=\"https:\/\/dex.pokemonshowdown.com\/abilities\/pickpocket\">Pickpocket<\/a><\/span> <span class=\"col abilitydesccol\">If this Pokemon has no item and is hit by a contact move, it steals the attacker's item.<\/span> <\/li><li style=\"clear:both\"><\/li><\/ul>\n\n|\n|t:|1711937720\n|switch|p1a: Mothim|Mothim, L92, M|278\/278\n|move|p2a: Seviper|Earthquake|p1a: Mothim\n|-immune|p1a: Mothim\n|\n|upkeep\n|turn|22\n|inactive|La.Hellhound has 90 seconds left.\n|\n|t:|1711937734\n|move|p1a: Mothim|Air Slash|p2a: Seviper|[miss]\n|-miss|p1a: Mothim|p2a: Seviper\n|move|p2a: Seviper|Flamethrower|p1a: Mothim\n|-supereffective|p1a: Mothim\n|-damage|p1a: Mothim|0 fnt\n|faint|p1a: Mothim\n|-damage|p2a: Seviper|217\/278|[from] item: Life Orb\n|\n|upkeep\n|\n|t:|1711937754\n|switch|p1a: Volbeat|Volbeat, L89, M|28\/260\n|turn|23\n|\n|t:|1711937777\n|move|p1a: Volbeat|U-turn|p2a: Seviper\n|-resisted|p2a: Seviper\n|-damage|p2a: Seviper|177\/278\n|\n|t:|1711937779\n|switch|p1a: Sudowoodo|Sudowoodo, L91, F|178\/275|[from] U-turn\n|move|p2a: Seviper|Flamethrower|p1a: Sudowoodo\n|-resisted|p1a: Sudowoodo\n|-damage|p1a: Sudowoodo|120\/275\n|-damage|p2a: Seviper|150\/278|[from] item: Life Orb\n|\n|-heal|p1a: Sudowoodo|137\/275|[from] item: Leftovers\n|upkeep\n|turn|24\n|\n|t:|1711937792\n|move|p1a: Sudowoodo|Sucker Punch|p2a: Seviper\n|-damage|p2a: Seviper|62\/278\n|move|p2a: Seviper|Earthquake|p1a: Sudowoodo\n|-supereffective|p1a: Sudowoodo\n|-damage|p1a: Sudowoodo|0 fnt\n|faint|p1a: Sudowoodo\n|-damage|p2a: Seviper|35\/278|[from] item: Life Orb\n|\n|upkeep\n|\n|t:|1711937800\n|switch|p1a: Shiftry|Shiftry, L88, F|242\/302\n|turn|25\n|inactive|pok fanaat has 90 seconds left.\n|\n|t:|1711937808\n|move|p1a: Shiftry|Sucker Punch|p2a: Seviper\n|-damage|p2a: Seviper|0 fnt\n|faint|p2a: Seviper\n|-damage|p1a: Shiftry|212\/302|[from] item: Life Orb\n|\n|upkeep\n|inactive|pok fanaat has 90 seconds left.\n|\n|t:|1711937820\n|switch|p2a: Furfrou|Furfrou-Diamond, L85, M|121\/266\n|-damage|p2a: Furfrou|88\/266|[from] Stealth Rock\n|turn|26\n|inactive|La.Hellhound has 90 seconds left.\n|inactive|pok fanaat has 90 seconds left.\n|\n|t:|1711937828\n|move|p2a: Furfrou|U-turn|p1a: Shiftry\n|-supereffective|p1a: Shiftry\n|-damage|p1a: Shiftry|8\/302\n|inactive|pok fanaat has 90 seconds left.\n|\n|t:|1711937854\n|switch|p2a: Pinsir|Pinsir, L74, F|217\/217|[from] U-turn\n|-damage|p2a: Pinsir|163\/217|[from] Stealth Rock\n|move|p1a: Shiftry|Knock Off|p2a: Pinsir\n|-damage|p2a: Pinsir|50\/217\n|-damage|p1a: Shiftry|0 fnt|[from] item: Life Orb\n|faint|p1a: Shiftry\n|\n|upkeep\n|inactive|La.Hellhound has 90 seconds left.\n|\n|t:|1711937885\n|switch|p1a: Volbeat|Volbeat, L89, M|28\/260\n|turn|27\n|\n|t:|1711937889\n|detailschange|p2a: Pinsir|Pinsir-Mega, L74, F\n|-mega|p2a: Pinsir|Pinsir|Pinsirite\n|move|p1a: Volbeat|Thunder Wave|p2a: Pinsir\n|-status|p2a: Pinsir|par\n|move|p2a: Pinsir|Quick Attack|p1a: Volbeat\n|-supereffective|p1a: Volbeat\n|-damage|p1a: Volbeat|0 fnt\n|faint|p1a: Volbeat\n|\n|upkeep\n|\n|t:|1711937898\n|switch|p1a: Clefable|Clefable, L80, M|182\/283\n|turn|28\n|inactive|pok fanaat has 90 seconds left.\n|\n|t:|1711937908\n|move|p2a: Pinsir|Quick Attack|p1a: Clefable\n|-damage|p1a: Clefable|107\/283\n|move|p1a: Clefable|Soft-Boiled|p1a: Clefable\n|-heal|p1a: Clefable|249\/283\n|\n|-heal|p1a: Clefable|266\/283|[from] item: Leftovers\n|upkeep\n|turn|29\n|inactive|La.Hellhound has 90 seconds left.\n|\n|t:|1711937921\n|move|p2a: Pinsir|Quick Attack|p1a: Clefable\n|-crit|p1a: Clefable\n|-damage|p1a: Clefable|160\/283\n|move|p1a: Clefable|Moonblast|p2a: Pinsir\n|-damage|p2a: Pinsir|0 fnt\n|faint|p2a: Pinsir\n|\n|-heal|p1a: Clefable|177\/283|[from] item: Leftovers\n|upkeep\n|inactive|pok fanaat has 90 seconds left.\n|\n|t:|1711937931\n|switch|p2a: Furfrou|Furfrou-Diamond, L85, M|88\/266\n|-damage|p2a: Furfrou|55\/266|[from] Stealth Rock\n|turn|30\n|\n|t:|1711937938\n|move|p2a: Furfrou|Rest|p2a: Furfrou\n|-status|p2a: Furfrou|slp|[from] move: Rest\n|-heal|p2a: Furfrou|266\/266 slp|[silent]\n|-enditem|p2a: Furfrou|Chesto Berry|[eat]\n|-curestatus|p2a: Furfrou|slp|[msg]\n|move|p1a: Clefable|Thunder Wave|p2a: Furfrou\n|-status|p2a: Furfrou|par\n|\n|-heal|p1a: Clefable|194\/283|[from] item: Leftovers\n|upkeep\n|turn|31\n|inactive|pok fanaat has 90 seconds left.\n|\n|t:|1711937968\n|move|p1a: Clefable|Soft-Boiled|p1a: Clefable\n|-heal|p1a: Clefable|283\/283\n|cant|p2a: Furfrou|par\n|\n|upkeep\n|turn|32\n|\n|t:|1711937980\n|move|p1a: Clefable|Moonblast|p2a: Furfrou\n|-damage|p2a: Furfrou|184\/266 par\n|move|p2a: Furfrou|Return|p1a: Clefable\n|-damage|p1a: Clefable|175\/283\n|\n|-heal|p1a: Clefable|192\/283|[from] item: Leftovers\n|upkeep\n|turn|33\n|\n|t:|1711938005\n|move|p1a: Clefable|Moonblast|p2a: Furfrou\n|-damage|p2a: Furfrou|102\/266 par\n|move|p2a: Furfrou|Rest|p2a: Furfrou\n|-status|p2a: Furfrou|slp|[from] move: Rest\n|-heal|p2a: Furfrou|266\/266 slp|[silent]\n|\n|-heal|p1a: Clefable|209\/283|[from] item: Leftovers\n|upkeep\n|turn|34\n|\n|t:|1711938018\n|cant|p2a: Furfrou|slp\n|move|p1a: Clefable|Moonblast|p2a: Furfrou\n|-damage|p2a: Furfrou|178\/266 slp\n|\n|-heal|p1a: Clefable|226\/283|[from] item: Leftovers\n|upkeep\n|turn|35\n|\n|t:|1711938026\n|cant|p2a: Furfrou|slp\n|move|p1a: Clefable|Moonblast|p2a: Furfrou\n|-damage|p2a: Furfrou|84\/266 slp\n|-unboost|p2a: Furfrou|spa|1\n|\n|-heal|p1a: Clefable|243\/283|[from] item: Leftovers\n|upkeep\n|turn|36\n|\n|t:|1711938035\n|-curestatus|p2a: Furfrou|slp|[msg]\n|move|p2a: Furfrou|Rest|p2a: Furfrou\n|-status|p2a: Furfrou|slp|[from] move: Rest\n|-heal|p2a: Furfrou|266\/266 slp|[silent]\n|move|p1a: Clefable|Moonblast|p2a: Furfrou\n|-damage|p2a: Furfrou|179\/266 slp\n|\n|-heal|p1a: Clefable|260\/283|[from] item: Leftovers\n|upkeep\n|turn|37\n|inactive|La.Hellhound has 120 seconds left.\n|\n|t:|1711938060\n|switch|p1a: Meowstic|Meowstic, L86, M|24\/268\n|cant|p2a: Furfrou|slp\n|\n|-heal|p1a: Meowstic|40\/268|[from] item: Leftovers\n|upkeep\n|turn|38\n|inactive|La.Hellhound has 120 seconds left.\n|\n|t:|1711938069\n|switch|p1a: Clefable|Clefable, L80, M|260\/283\n|cant|p2a: Furfrou|slp\n|\n|-heal|p1a: Clefable|277\/283|[from] item: Leftovers\n|upkeep\n|turn|39\n|\n|t:|1711938084\n|-curestatus|p2a: Furfrou|slp|[msg]\n|move|p2a: Furfrou|Thunder Wave|p1a: Clefable\n|-status|p1a: Clefable|par\n|move|p1a: Clefable|Moonblast|p2a: Furfrou\n|-damage|p2a: Furfrou|97\/266\n|-unboost|p2a: Furfrou|spa|1\n|\n|-heal|p1a: Clefable|283\/283 par|[from] item: Leftovers\n|upkeep\n|turn|40\n|\n|t:|1711938096\n|move|p2a: Furfrou|Rest|p2a: Furfrou\n|-status|p2a: Furfrou|slp|[from] move: Rest\n|-heal|p2a: Furfrou|266\/266 slp|[silent]\n|move|p1a: Clefable|Aromatherapy|p1a: Clefable\n|-activate|p1a: Clefable|move: Aromatherapy\n|-curestatus|p1a: Clefable|par|[msg]\n|\n|upkeep\n|turn|41\n|\n|t:|1711938106\n|switch|p1a: Meowstic|Meowstic, L86, M|40\/268\n|cant|p2a: Furfrou|slp\n|\n|-heal|p1a: Meowstic|56\/268|[from] item: Leftovers\n|upkeep\n|turn|42\n|\n|t:|1711938114\n|move|p1a: Meowstic|Psychic|p2a: Furfrou\n|-damage|p2a: Furfrou|178\/266 slp\n|cant|p2a: Furfrou|slp\n|\n|-heal|p1a: Meowstic|72\/268|[from] item: Leftovers\n|upkeep\n|turn|43\n|inactive|pok fanaat has 90 seconds left.\n|\n|t:|1711938125\n|switch|p1a: Clefable|Clefable, L80, M|283\/283\n|-curestatus|p2a: Furfrou|slp|[msg]\n|move|p2a: Furfrou|Return|p1a: Clefable\n|-damage|p1a: Clefable|157\/283\n|\n|-heal|p1a: Clefable|174\/283|[from] item: Leftovers\n|upkeep\n|turn|44\n|inactive|pok fanaat has 90 seconds left.\n|\n|t:|1711938136\n|move|p2a: Furfrou|Return|p1a: Clefable\n|-damage|p1a: Clefable|60\/283\n|move|p1a: Clefable|Thunder Wave|p2a: Furfrou\n|-status|p2a: Furfrou|par\n|\n|-heal|p1a: Clefable|77\/283|[from] item: Leftovers\n|upkeep\n|turn|45\n|inactive|pok fanaat has 90 seconds left.\n|\n|t:|1711938146\n|move|p1a: Clefable|Soft-Boiled|p1a: Clefable\n|-heal|p1a: Clefable|219\/283\n|move|p2a: Furfrou|U-turn|p1a: Clefable\n|-resisted|p1a: Clefable\n|-damage|p1a: Clefable|190\/283\n|\n|t:|1711938159\n|switch|p2a: Reuniclus|Reuniclus, L85, F|279\/326 par|[from] U-turn\n|\n|-heal|p1a: Clefable|207\/283|[from] item: Leftovers\n|upkeep\n|turn|46\n|\n|t:|1711938170\n|move|p1a: Clefable|Moonblast|p2a: Reuniclus\n|-damage|p2a: Reuniclus|191\/326 par\n|move|p2a: Reuniclus|Psyshock|p1a: Clefable\n|-damage|p1a: Clefable|38\/283\n|\n|-heal|p1a: Clefable|55\/283|[from] item: Leftovers\n|upkeep\n|turn|47\n|\n|t:|1711938178\n|move|p1a: Clefable|Soft-Boiled|p1a: Clefable\n|-heal|p1a: Clefable|197\/283\n|move|p2a: Reuniclus|Recover|p2a: Reuniclus\n|-heal|p2a: Reuniclus|326\/326 par\n|\n|-heal|p1a: Clefable|214\/283|[from] item: Leftovers\n|upkeep\n|turn|48\n|inactive|pok fanaat has 90 seconds left.\n|\n|t:|1711938186\n|move|p1a: Clefable|Moonblast|p2a: Reuniclus\n|-damage|p2a: Reuniclus|232\/326 par\n|move|p2a: Reuniclus|Psyshock|p1a: Clefable\n|-damage|p1a: Clefable|50\/283\n|\n|-heal|p1a: Clefable|67\/283|[from] item: Leftovers\n|upkeep\n|turn|49\n|\n|t:|1711938194\n|move|p1a: Clefable|Soft-Boiled|p1a: Clefable\n|-heal|p1a: Clefable|209\/283\n|move|p2a: Reuniclus|Psyshock|p1a: Clefable\n|-damage|p1a: Clefable|53\/283\n|\n|-heal|p1a: Clefable|70\/283|[from] item: Leftovers\n|upkeep\n|turn|50\n|\n|t:|1711938202\n|move|p1a: Clefable|Soft-Boiled|p1a: Clefable\n|-heal|p1a: Clefable|212\/283\n|move|p2a: Reuniclus|Psyshock|p1a: Clefable\n|-damage|p1a: Clefable|39\/283\n|\n|-heal|p1a: Clefable|56\/283|[from] item: Leftovers\n|upkeep\n|turn|51\n|\n|t:|1711938210\n|move|p1a: Clefable|Soft-Boiled|p1a: Clefable\n|-heal|p1a: Clefable|198\/283\n|move|p2a: Reuniclus|Psyshock|p1a: Clefable\n|-damage|p1a: Clefable|17\/283\n|\n|-heal|p1a: Clefable|34\/283|[from] item: Leftovers\n|upkeep\n|turn|52\n|\n|t:|1711938217\n|move|p1a: Clefable|Soft-Boiled|p1a: Clefable\n|-heal|p1a: Clefable|176\/283\n|cant|p2a: Reuniclus|par\n|\n|-heal|p1a: Clefable|193\/283|[from] item: Leftovers\n|upkeep\n|turn|53\n|\n|t:|1711938226\n|move|p1a: Clefable|Soft-Boiled|p1a: Clefable\n|-heal|p1a: Clefable|283\/283\n|move|p2a: Reuniclus|Shadow Ball|p1a: Clefable\n|-damage|p1a: Clefable|189\/283\n|\n|-heal|p1a: Clefable|206\/283|[from] item: Leftovers\n|upkeep\n|turn|54\n|inactive|pok fanaat has 120 seconds left.\n|\n|t:|1711938234\n|move|p1a: Clefable|Moonblast|p2a: Reuniclus\n|-damage|p2a: Reuniclus|135\/326 par\n|cant|p2a: Reuniclus|par\n|\n|-heal|p1a: Clefable|223\/283|[from] item: Leftovers\n|upkeep\n|turn|55\n|\n|t:|1711938241\n|move|p1a: Clefable|Moonblast|p2a: Reuniclus\n|-damage|p2a: Reuniclus|35\/326 par\n|cant|p2a: Reuniclus|par\n|\n|-heal|p1a: Clefable|240\/283|[from] item: Leftovers\n|upkeep\n|turn|56\n|\n|t:|1711938249\n|move|p1a: Clefable|Moonblast|p2a: Reuniclus\n|-damage|p2a: Reuniclus|0 fnt\n|faint|p2a: Reuniclus\n|\n|-heal|p1a: Clefable|257\/283|[from] item: Leftovers\n|upkeep\n|\n|t:|1711938257\n|switch|p2a: Castform|Castform, L98, M|296\/296\n|-damage|p2a: Castform|259\/296|[from] Stealth Rock\n|turn|57\n|\n|t:|1711938266\n|move|p2a: Castform|Return|p1a: Clefable\n|-damage|p1a: Clefable|119\/283\n|move|p1a: Clefable|Thunder Wave|p2a: Castform\n|-status|p2a: Castform|par\n|\n|-heal|p1a: Clefable|136\/283|[from] item: Leftovers\n|-heal|p2a: Castform|277\/296 par|[from] item: Leftovers\n|upkeep\n|turn|58\n|\n|t:|1711938277\n|move|p1a: Clefable|Soft-Boiled|p1a: Clefable\n|-heal|p1a: Clefable|278\/283\n|move|p2a: Castform|Return|p1a: Clefable\n|-damage|p1a: Clefable|136\/283\n|\n|-heal|p1a: Clefable|153\/283|[from] item: Leftovers\n|-heal|p2a: Castform|295\/296 par|[from] item: Leftovers\n|upkeep\n|turn|59\n|\n|t:|1711938285\n|move|p1a: Clefable|Soft-Boiled|p1a: Clefable\n|-heal|p1a: Clefable|283\/283\n|move|p2a: Castform|Thunder Wave|p1a: Clefable\n|-status|p1a: Clefable|par\n|\n|-heal|p2a: Castform|296\/296 par|[from] item: Leftovers\n|upkeep\n|turn|60\n|\n|t:|1711938293\n|move|p2a: Castform|Return|p1a: Clefable\n|-damage|p1a: Clefable|141\/283 par\n|move|p1a: Clefable|Aromatherapy|p1a: Clefable\n|-activate|p1a: Clefable|move: Aromatherapy\n|-curestatus|p1a: Clefable|par|[msg]\n|\n|-heal|p1a: Clefable|158\/283|[from] item: Leftovers\n|upkeep\n|turn|61\n|\n|t:|1711938302\n|move|p1a: Clefable|Soft-Boiled|p1a: Clefable\n|-heal|p1a: Clefable|283\/283\n|cant|p2a: Castform|par\n|\n|upkeep\n|turn|62\n|\n|t:|1711938307\n|move|p1a: Clefable|Moonblast|p2a: Castform\n|-damage|p2a: Castform|205\/296 par\n|move|p2a: Castform|Thunder Wave|p1a: Clefable\n|-status|p1a: Clefable|par\n|\n|-heal|p2a: Castform|223\/296 par|[from] item: Leftovers\n|upkeep\n|turn|63\n|\n|t:|1711938315\n|move|p2a: Castform|Return|p1a: Clefable\n|-damage|p1a: Clefable|154\/283 par\n|move|p1a: Clefable|Aromatherapy|p1a: Clefable\n|-activate|p1a: Clefable|move: Aromatherapy\n|-curestatus|p1a: Clefable|par|[msg]\n|\n|-heal|p1a: Clefable|171\/283|[from] item: Leftovers\n|-heal|p2a: Castform|241\/296 par|[from] item: Leftovers\n|upkeep\n|turn|64\n|\n|t:|1711938326\n|move|p1a: Clefable|Soft-Boiled|p1a: Clefable\n|-heal|p1a: Clefable|283\/283\n|cant|p2a: Castform|par\n|\n|-heal|p2a: Castform|259\/296 par|[from] item: Leftovers\n|upkeep\n|turn|65\n|\n|t:|1711938332\n|move|p1a: Clefable|Moonblast|p2a: Castform\n|-damage|p2a: Castform|174\/296 par\n|-unboost|p2a: Castform|spa|1\n|move|p2a: Castform|Thunder Wave|p1a: Clefable\n|-status|p1a: Clefable|par\n|\n|-heal|p2a: Castform|192\/296 par|[from] item: Leftovers\n|upkeep\n|turn|66\n|\n|t:|1711938341\n|move|p2a: Castform|Return|p1a: Clefable\n|-damage|p1a: Clefable|144\/283 par\n|move|p1a: Clefable|Aromatherapy|p1a: Clefable\n|-activate|p1a: Clefable|move: Aromatherapy\n|-curestatus|p1a: Clefable|par|[msg]\n|\n|-heal|p1a: Clefable|161\/283|[from] item: Leftovers\n|-heal|p2a: Castform|210\/296 par|[from] item: Leftovers\n|upkeep\n|turn|67\n|\n|t:|1711938351\n|move|p1a: Clefable|Moonblast|p2a: Castform\n|-damage|p2a: Castform|123\/296 par\n|-unboost|p2a: Castform|spa|1\n|move|p2a: Castform|Thunder Wave|p1a: Clefable\n|-status|p1a: Clefable|par\n|\n|-heal|p2a: Castform|141\/296 par|[from] item: Leftovers\n|-heal|p1a: Clefable|178\/283 par|[from] item: Leftovers\n|upkeep\n|turn|68\n|\n|t:|1711938361\n|cant|p2a: Castform|par\n|move|p1a: Clefable|Aromatherapy|p1a: Clefable\n|-activate|p1a: Clefable|move: Aromatherapy\n|-curestatus|p1a: Clefable|par|[msg]\n|\n|-heal|p1a: Clefable|195\/283|[from] item: Leftovers\n|-heal|p2a: Castform|159\/296 par|[from] item: Leftovers\n|upkeep\n|turn|69\n|\n|t:|1711938370\n|move|p1a: Clefable|Moonblast|p2a: Castform\n|-damage|p2a: Castform|71\/296 par\n|cant|p2a: Castform|par\n|\n|-heal|p1a: Clefable|212\/283|[from] item: Leftovers\n|-heal|p2a: Castform|89\/296 par|[from] item: Leftovers\n|upkeep\n|turn|70\n|\n|t:|1711938378\n|move|p1a: Clefable|Moonblast|p2a: Castform\n|-damage|p2a: Castform|0 fnt\n|faint|p2a: Castform\n|\n|-heal|p1a: Clefable|229\/283|[from] item: Leftovers\n|upkeep\n|\n|t:|1711938383\n|switch|p2a: Furfrou|Furfrou-Diamond, L85, M|178\/266 par\n|-damage|p2a: Furfrou|145\/266 par|[from] Stealth Rock\n|turn|71\n|\n|t:|1711938391\n|move|p1a: Clefable|Moonblast|p2a: Furfrou\n|-damage|p2a: Furfrou|51\/266 par\n|move|p2a: Furfrou|Thunder Wave|p1a: Clefable\n|-status|p1a: Clefable|par\n|\n|-heal|p1a: Clefable|246\/283 par|[from] item: Leftovers\n|upkeep\n|turn|72\n|\n|t:|1711938398\n|cant|p2a: Furfrou|par\n|move|p1a: Clefable|Moonblast|p2a: Furfrou\n|-damage|p2a: Furfrou|0 fnt\n|faint|p2a: Furfrou\n|\n|win|La.Hellhound\n|raw|La.Hellhound's rating: 1792 &rarr; <strong>1804<\/strong><br \/>(+12 for winning)\n|raw|pok fanaat's rating: 1647 &rarr; <strong>1635<\/strong><br \/>(-12 for losing)\n","inputlog":">version 6cdde67ed88b47ab6b8ae5717517ae7b5d1ef27b\n>start {\"formatid\":\"gen6randombattle\",\"seed\":[38823,60850,64545,26738],\"rated\":\"Rated battle\"}\n>player p1 {\"name\":\"La.Hellhound\",\"avatar\":\"bruno\",\"rating\":1792,\"seed\":[22476,59569,8720,27084]}\n>player p2 {\"name\":\"pok fanaat\",\"avatar\":\"266\",\"rating\":1647,\"seed\":[55641,55144,28598,18506]}\n>p1 move stealthrock\n>p2 switch 4\n>p1 switch 6\n>p2 move thunderwave\n>p1 move thunderwave\n>p2 switch 4\n>p1 move thunderwave\n>p2 move sludgebomb\n>p1 move uturn\n>p2 move sludgebomb\n>p1 move uturn\n>p2 move sludgebomb\n>p1 move roost\n>p2 move sludgebomb\n>p1 move uturn\n>p2 move sludgebomb\n>p1 move roost\n>p2 move sludgebomb\n>p1 switch 6\n>p2 move sludgebomb\n>p1 move stoneedge\n>p2 switch 4\n>p1 switch 3\n>p2 move return\n>p1 move aromatherapy\n>p2 move uturn\n>p2 switch 4\n>p1 switch 5\n>p2 move sludgebomb\n>p1 move psychic\n>p2 switch 3\n>p1 move thunderwave\n>p2 move shadowball\n>p1 switch 2\n>p2 move psyshock\n>p1 move knockoff\n>p2 switch 3\n>p1 move knockoff\n>p2 move painsplit\n>p2 switch 4\n>p1 switch 3\n>p2 move uturn\n>chat \u2606pok fanaat|!dex sticky hold\n>chat \u2606pok fanaat|how\n>p2 switch 6\n>chat \u2606pok fanaat|!dex pickpocket\n>p1 switch 4\n>p2 move earthquake\n>p1 move airslash\n>p2 move flamethrower\n>p1 switch 6\n>p1 move uturn\n>p2 move flamethrower\n>p1 switch 4\n>p1 move suckerpunch\n>p2 move earthquake\n>p1 switch 3\n>p1 move suckerpunch\n>p2 move sludgewave\n>p2 switch 6\n>p1 move knockoff\n>p2 move uturn\n>p2 switch 5\n>p1 switch 4\n>p1 move thunderwave\n>p2 move quickattack mega\n>p1 switch 5\n>p1 move softboiled\n>p2 move quickattack\n>p1 move moonblast\n>p2 move quickattack\n>p2 switch 5\n>p1 move thunderwave\n>p2 move rest\n>p1 move softboiled\n>p2 move return\n>p1 move moonblast\n>p2 move return\n>p1 move moonblast\n>p2 move rest\n>p1 move moonblast\n>p2 move return\n>p1 move moonblast\n>p2 move return\n>p1 move moonblast\n>p2 move rest\n>p1 switch 2\n>p2 move return\n>p1 switch 2\n>p2 move return\n>p1 move moonblast\n>p2 move thunderwave\n>p1 move aromatherapy\n>p2 move rest\n>p1 switch 2\n>p2 move return\n>p1 move psychic\n>p2 move return\n>p1 switch 2\n>p2 move return\n>p1 move thunderwave\n>p2 move return\n>p1 move softboiled\n>p2 move uturn\n>p2 switch 3\n>p1 move moonblast\n>p2 move psyshock\n>p1 move softboiled\n>p2 move recover\n>p1 move moonblast\n>p2 move psyshock\n>p1 move softboiled\n>p2 move psyshock\n>p1 move softboiled\n>p2 move psyshock\n>p1 move softboiled\n>p2 move psyshock\n>p1 move softboiled\n>p2 move psyshock\n>p1 move softboiled\n>p2 move shadowball\n>p1 move moonblast\n>p2 move shadowball\n>p1 move moonblast\n>p2 move recover\n>p1 move moonblast\n>p2 move recover\n>p2 switch 2\n>p1 move thunderwave\n>p2 move return\n>p1 move softboiled\n>p2 move return\n>p1 move softboiled\n>p2 move thunderwave\n>p1 move aromatherapy\n>p2 move return\n>p1 move softboiled\n>p2 move thunderwave\n>p1 move moonblast\n>p2 move thunderwave\n>p1 move aromatherapy\n>p2 move return\n>p1 move softboiled\n>p2 move thunderwave\n>p1 move moonblast\n>p2 move thunderwave\n>p1 move aromatherapy\n>p2 move return\n>p1 move moonblast\n>p2 move thunderwave\n>p1 move aromatherapy\n>p2 move return\n>p1 move moonblast\n>p2 move thunderwave\n>p1 move moonblast\n>p2 move thunderwave\n>p2 switch 3\n>p1 move moonblast\n>p2 move thunderwave\n>p1 move moonblast\n>p2 move rest","uploadtime":1711938404,"views":0,"formatid":"gen6randombattle","rating":1635,"private":0,"password":null}