{"id":"gen6randombattle-2093331875","format":"[Gen 6] Random Battle","players":["Vkio13","69420poggers"],"log":"|j|\u2606Vkio13\n|j|\u260669420poggers\n|t:|1711940400\n|gametype|singles\n|player|p1|Vkio13|ninjaboy|1173\n|player|p2|69420poggers|unknown|1192\n|teamsize|p1|6\n|teamsize|p2|6\n|gen|6\n|tier|[Gen 6] Random Battle\n|rated|\n|rule|Sleep Clause Mod: Limit one foe put to sleep\n|rule|HP Percentage Mod: HP is shown in percentages\n|rule|Illusion Level Mod: Illusion disguises the Pok\u00e9mon's true level\n|\n|t:|1711940400\n|start\n|switch|p1a: Jumpluff|Jumpluff, L88, F|275\/275\n|switch|p2a: Quagsire|Quagsire, L88, M|310\/310\n|turn|1\n|inactive|Battle timer is ON: inactive players will automatically lose when time's up. (requested by Vkio13)\n|\n|t:|1711940430\n|move|p1a: Jumpluff|Sleep Powder|p2a: Quagsire\n|-status|p2a: Quagsire|slp|[from] move: Sleep Powder\n|cant|p2a: Quagsire|slp\n|\n|upkeep\n|turn|2\n|\n|t:|1711940442\n|switch|p2a: Sandslash|Sandslash, L88, F|275\/275\n|move|p1a: Jumpluff|Acrobatics|p2a: Sandslash\n|-damage|p2a: Sandslash|205\/275\n|\n|-heal|p2a: Sandslash|222\/275|[from] item: Leftovers\n|upkeep\n|turn|3\n|\n|t:|1711940452\n|move|p1a: Jumpluff|Encore||[still]\n|-fail|p1a: Jumpluff\n|move|p2a: Sandslash|Stone Edge|p1a: Jumpluff\n|-supereffective|p1a: Jumpluff\n|-damage|p1a: Jumpluff|107\/275\n|\n|-heal|p2a: Sandslash|239\/275|[from] item: Leftovers\n|upkeep\n|turn|4\n|\n|t:|1711940458\n|move|p1a: Jumpluff|Sleep Powder|p2a: Sandslash\n|-message|Sleep Clause Mod activated.\n|-hint|Sleep Clause Mod prevents players from putting more than one of their opponent's Pok\u00e9mon to sleep at a time\n|move|p2a: Sandslash|Stone Edge|p1a: Jumpluff\n|-supereffective|p1a: Jumpluff\n|-damage|p1a: Jumpluff|0 fnt\n|faint|p1a: Jumpluff\n|\n|-heal|p2a: Sandslash|256\/275|[from] item: Leftovers\n|upkeep\n|\n|t:|1711940476\n|switch|p1a: Suicune|Suicune, L81|295\/295\n|-ability|p1a: Suicune|Pressure\n|turn|5\n|\n|t:|1711940489\n|switch|p2a: Quagsire|Quagsire, L88, M|310\/310 slp\n|move|p1a: Suicune|Scald|p2a: Quagsire\n|-crit|p2a: Quagsire\n|-damage|p2a: Quagsire|181\/310 slp\n|\n|-heal|p2a: Quagsire|200\/310 slp|[from] item: Leftovers\n|upkeep\n|turn|6\n|\n|t:|1711940502\n|move|p1a: Suicune|Calm Mind|p1a: Suicune\n|-boost|p1a: Suicune|spa|1\n|-boost|p1a: Suicune|spd|1\n|cant|p2a: Quagsire|slp\n|\n|-heal|p2a: Quagsire|219\/310 slp|[from] item: Leftovers\n|upkeep\n|turn|7\n|\n|t:|1711940509\n|move|p1a: Suicune|Calm Mind|p1a: Suicune\n|-boost|p1a: Suicune|spa|1\n|-boost|p1a: Suicune|spd|1\n|cant|p2a: Quagsire|slp\n|\n|-heal|p2a: Quagsire|238\/310 slp|[from] item: Leftovers\n|upkeep\n|turn|8\n|\n|t:|1711940518\n|move|p1a: Suicune|Ice Beam|p2a: Quagsire\n|-damage|p2a: Quagsire|168\/310 slp\n|-curestatus|p2a: Quagsire|slp|[msg]\n|move|p2a: Quagsire|Toxic|p1a: Suicune\n|-status|p1a: Suicune|tox\n|\n|-heal|p2a: Quagsire|187\/310|[from] item: Leftovers\n|-damage|p1a: Suicune|277\/295 tox|[from] psn\n|upkeep\n|turn|9\n|\n|t:|1711940524\n|move|p1a: Suicune|Scald|p2a: Quagsire\n|-damage|p2a: Quagsire|99\/310\n|move|p2a: Quagsire|Recover|p2a: Quagsire\n|-heal|p2a: Quagsire|254\/310\n|\n|-heal|p2a: Quagsire|273\/310|[from] item: Leftovers\n|-damage|p1a: Suicune|241\/295 tox|[from] psn\n|upkeep\n|turn|10\n|\n|t:|1711940533\n|move|p1a: Suicune|Calm Mind|p1a: Suicune\n|-boost|p1a: Suicune|spa|1\n|-boost|p1a: Suicune|spd|1\n|move|p2a: Quagsire|Earthquake|p1a: Suicune\n|-damage|p1a: Suicune|150\/295 tox\n|\n|-heal|p2a: Quagsire|292\/310|[from] item: Leftovers\n|-damage|p1a: Suicune|96\/295 tox|[from] psn\n|upkeep\n|turn|11\n|\n|t:|1711940541\n|move|p1a: Suicune|Rest|p1a: Suicune\n|-status|p1a: Suicune|slp|[from] move: Rest\n|-heal|p1a: Suicune|295\/295 slp|[silent]\n|-enditem|p1a: Suicune|Chesto Berry|[eat]\n|-curestatus|p1a: Suicune|slp|[msg]\n|move|p2a: Quagsire|Earthquake|p1a: Suicune\n|-crit|p1a: Suicune\n|-damage|p1a: Suicune|151\/295\n|\n|-heal|p2a: Quagsire|310\/310|[from] item: Leftovers\n|upkeep\n|turn|12\n|\n|t:|1711940562\n|move|p1a: Suicune|Ice Beam|p2a: Quagsire\n|-damage|p2a: Quagsire|238\/310\n|move|p2a: Quagsire|Toxic|p1a: Suicune\n|-status|p1a: Suicune|tox\n|\n|-heal|p2a: Quagsire|257\/310|[from] item: Leftovers\n|-damage|p1a: Suicune|133\/295 tox|[from] psn\n|upkeep\n|turn|13\n|\n|t:|1711940572\n|move|p1a: Suicune|Scald|p2a: Quagsire\n|-damage|p2a: Quagsire|167\/310\n|move|p2a: Quagsire|Scald|p1a: Suicune\n|-resisted|p1a: Suicune\n|-damage|p1a: Suicune|106\/295 tox\n|\n|-heal|p2a: Quagsire|186\/310|[from] item: Leftovers\n|-damage|p1a: Suicune|70\/295 tox|[from] psn\n|upkeep\n|turn|14\n|\n|t:|1711940587\n|move|p1a: Suicune|Scald|p2a: Quagsire\n|-damage|p2a: Quagsire|99\/310\n|move|p2a: Quagsire|Earthquake|p1a: Suicune\n|-damage|p1a: Suicune|0 fnt\n|faint|p1a: Suicune\n|\n|-heal|p2a: Quagsire|118\/310|[from] item: Leftovers\n|upkeep\n|\n|t:|1711940596\n|switch|p1a: Absol|Absol, L81, M|238\/238\n|turn|15\n|inactive|69420poggers has 120 seconds left.\n|\n|t:|1711940628\n|switch|p2a: Virizion|Virizion, L82|283\/283\n|detailschange|p1a: Absol|Absol-Mega, L81, M\n|-mega|p1a: Absol|Absol|Absolite\n|move|p1a: Absol|Swords Dance|p1a: Absol\n|-boost|p1a: Absol|atk|2\n|\n|upkeep\n|turn|16\n|\n|t:|1711940642\n|move|p1a: Absol|Play Rough|p2a: Virizion\n|-supereffective|p2a: Virizion\n|-damage|p2a: Virizion|0 fnt\n|faint|p2a: Virizion\n|\n|upkeep\n|inactive|69420poggers has 120 seconds left.\n|\n|t:|1711940659\n|switch|p2a: Tangrowth|Tangrowth, L87, M|316\/316\n|turn|17\n|inactive|69420poggers has 120 seconds left.\n|\n|t:|1711940675\n|move|p1a: Absol|Knock Off|p2a: Tangrowth\n|-damage|p2a: Tangrowth|103\/316\n|-enditem|p2a: Tangrowth|Assault Vest|[from] move: Knock Off|[of] p1a: Absol\n|move|p2a: Tangrowth|Earthquake|p1a: Absol\n|-crit|p1a: Absol\n|-damage|p1a: Absol|71\/238\n|\n|upkeep\n|turn|18\n|\n|t:|1711940684\n|move|p1a: Absol|Knock Off|p2a: Tangrowth\n|-damage|p2a: Tangrowth|0 fnt\n|faint|p2a: Tangrowth\n|\n|upkeep\n|\n|t:|1711940698\n|switch|p2a: Sandslash|Sandslash, L88, F|256\/275\n|turn|19\n|\n|t:|1711940703\n|move|p1a: Absol|Knock Off|p2a: Sandslash\n|-damage|p2a: Sandslash|37\/275\n|-enditem|p2a: Sandslash|Leftovers|[from] move: Knock Off|[of] p1a: Absol\n|move|p2a: Sandslash|Earthquake|p1a: Absol\n|-damage|p1a: Absol|0 fnt\n|faint|p1a: Absol\n|\n|upkeep\n|\n|t:|1711940719\n|switch|p1a: Floatzel|Floatzel, L87, M|290\/290\n|turn|20\n|\n|t:|1711940737\n|switch|p2a: Quagsire|Quagsire, L88, M|118\/310\n|move|p1a: Floatzel|Waterfall|p2a: Quagsire\n|-crit|p2a: Quagsire\n|-damage|p2a: Quagsire|0 fnt\n|faint|p2a: Quagsire\n|-damage|p1a: Floatzel|261\/290|[from] item: Life Orb\n|\n|upkeep\n|\n|t:|1711940748\n|switch|p2a: Wobbuffet|Wobbuffet, L85, F|462\/462\n|turn|21\n|\n|t:|1711940754\n|move|p1a: Floatzel|Taunt|p2a: Wobbuffet\n|-start|p2a: Wobbuffet|move: Taunt\n|move|p2a: Wobbuffet|Counter||[still]\n|-fail|p2a: Wobbuffet\n|\n|upkeep\n|turn|22\n|\n|t:|1711940763\n|move|p1a: Floatzel|Bulk Up|p1a: Floatzel\n|-boost|p1a: Floatzel|atk|1\n|-boost|p1a: Floatzel|def|1\n|move|p2a: Wobbuffet|Counter||[still]\n|-fail|p2a: Wobbuffet\n|\n|upkeep\n|turn|23\n|\n|t:|1711940776\n|switch|p2a: Darkrai|Darkrai, L75|229\/229\n|move|p1a: Floatzel|Bulk Up|p1a: Floatzel\n|-boost|p1a: Floatzel|atk|1\n|-boost|p1a: Floatzel|def|1\n|\n|upkeep\n|turn|24\n|\n|t:|1711940797\n|move|p1a: Floatzel|Waterfall|p2a: Darkrai\n|-damage|p2a: Darkrai|0 fnt\n|faint|p2a: Darkrai\n|-damage|p1a: Floatzel|232\/290|[from] item: Life Orb\n|\n|upkeep\n|\n|t:|1711940801\n|switch|p2a: Wobbuffet|Wobbuffet, L85, F|462\/462\n|turn|25\n|\n|t:|1711940805\n|move|p1a: Floatzel|Taunt|p2a: Wobbuffet\n|-start|p2a: Wobbuffet|move: Taunt\n|move|p2a: Wobbuffet|Counter||[still]\n|-fail|p2a: Wobbuffet\n|\n|upkeep\n|turn|26\n|\n|t:|1711940808\n|move|p1a: Floatzel|Bulk Up|p1a: Floatzel\n|-boost|p1a: Floatzel|atk|1\n|-boost|p1a: Floatzel|def|1\n|move|p2a: Wobbuffet|Counter||[still]\n|-fail|p2a: Wobbuffet\n|\n|upkeep\n|turn|27\n|\n|t:|1711940811\n|move|p1a: Floatzel|Bulk Up|p1a: Floatzel\n|-boost|p1a: Floatzel|atk|1\n|-boost|p1a: Floatzel|def|1\n|move|p2a: Wobbuffet|Counter||[still]\n|-fail|p2a: Wobbuffet\n|\n|-end|p2a: Wobbuffet|move: Taunt\n|upkeep\n|turn|28\n|\n|t:|1711940816\n|move|p1a: Floatzel|Taunt|p2a: Wobbuffet\n|-start|p2a: Wobbuffet|move: Taunt\n|cant|p2a: Wobbuffet|move: Taunt|Encore\n|\n|upkeep\n|turn|29\n|\n|t:|1711940820\n|move|p1a: Floatzel|Bulk Up|p1a: Floatzel\n|-boost|p1a: Floatzel|atk|1\n|-boost|p1a: Floatzel|def|1\n|move|p2a: Wobbuffet|Counter||[still]\n|-fail|p2a: Wobbuffet\n|\n|upkeep\n|turn|30\n|\n|t:|1711940826\n|move|p1a: Floatzel|Bulk Up|p1a: Floatzel\n|-boost|p1a: Floatzel|atk|1\n|-boost|p1a: Floatzel|def|1\n|move|p2a: Wobbuffet|Counter||[still]\n|-fail|p2a: Wobbuffet\n|\n|-end|p2a: Wobbuffet|move: Taunt\n|upkeep\n|turn|31\n|\n|t:|1711940833\n|move|p1a: Floatzel|Taunt|p2a: Wobbuffet\n|-start|p2a: Wobbuffet|move: Taunt\n|cant|p2a: Wobbuffet|move: Taunt|Destiny Bond\n|\n|upkeep\n|turn|32\n|\n|t:|1711940839\n|move|p1a: Floatzel|Bulk Up|p1a: Floatzel\n|-boost|p1a: Floatzel|atk|0\n|-boost|p1a: Floatzel|def|0\n|move|p2a: Wobbuffet|Counter||[still]\n|-fail|p2a: Wobbuffet\n|\n|upkeep\n|turn|33\n|\n|t:|1711940845\n|move|p1a: Floatzel|Waterfall|p2a: Wobbuffet\n|-damage|p2a: Wobbuffet|0 fnt\n|faint|p2a: Wobbuffet\n|-damage|p1a: Floatzel|203\/290|[from] item: Life Orb\n|\n|upkeep\n|c|\u260669420poggers|suck a dick\n|-message|69420poggers forfeited.\n|\n|win|Vkio13\n","inputlog":">version 6cdde67ed88b47ab6b8ae5717517ae7b5d1ef27b\n>start {\"formatid\":\"gen6randombattle\",\"seed\":[40450,25237,4016,25409],\"rated\":\"Rated battle\"}\n>player p1 {\"name\":\"Vkio13\",\"avatar\":\"ninjaboy\",\"rating\":1173,\"seed\":[54152,32973,58165,43763]}\n>player p2 {\"name\":\"69420poggers\",\"avatar\":\"unknown\",\"rating\":1192,\"seed\":[5916,18124,2124,6661]}\n>p1 move sleeppowder\n>p2 move toxic\n>p1 move acrobatics\n>p2 switch 5\n>p1 move encore\n>p2 move stoneedge\n>p1 move sleeppowder\n>p2 move stoneedge\n>p1 switch 5\n>p1 move scald\n>p2 switch 5\n>p1 move calmmind\n>p2 move recover\n>p1 move calmmind\n>p2 move earthquake\n>p1 move icebeam\n>p2 move toxic\n>p1 move scald\n>p2 move recover\n>p1 move calmmind\n>p2 move earthquake\n>p1 move rest\n>p2 move earthquake\n>p1 move icebeam\n>p2 move toxic\n>p1 move scald\n>p2 move scald\n>p1 move scald\n>p2 move earthquake\n>p1 switch 3\n>p1 move swordsdance mega\n>p2 switch 3\n>p1 move playrough\n>p2 move closecombat\n>p2 switch 6\n>p1 move knockoff\n>p2 move earthquake\n>p1 move knockoff\n>p2 move gigadrain\n>p2 switch 5\n>p1 move knockoff\n>p2 move earthquake\n>p1 switch 6\n>p1 move waterfall\n>p2 switch 3\n>p2 switch 2\n>p1 move taunt\n>p2 move counter\n>p1 move bulkup\n>p2 move counter\n>p1 move bulkup\n>p2 switch 4\n>p1 move waterfall\n>p2 move sludgebomb\n>p2 switch 4\n>p1 move taunt\n>p2 move counter\n>p1 move bulkup\n>p2 move counter\n>p1 move bulkup\n>p2 move counter\n>p1 move taunt\n>p2 move encore\n>p1 move bulkup\n>p2 move counter\n>p1 move bulkup\n>p2 move counter\n>p1 move taunt\n>p2 move destinybond\n>p1 move bulkup\n>p2 move counter\n>p1 move waterfall\n>p2 move counter\n>chat \u260669420poggers|suck a dick\n>forcelose p2","uploadtime":1711940853,"views":0,"formatid":"gen6randombattle","rating":null,"private":0,"password":null}