|j|☆Skullmonkey
|j|☆Nice Mice
|t:|1711942594
|gametype|singles
|player|p1|Skullmonkey|li|1220
|player|p2|Nice Mice|colress|1256
|teamsize|p1|6
|teamsize|p2|6
|gen|5
|tier|[Gen 5] OU
|rated|
|rule|Species Clause: Limit one of each Pokémon
|rule|OHKO Clause: OHKO moves are banned
|rule|Moody Clause: Moody is banned
|rule|Evasion Items Clause: Evasion items are banned
|rule|Evasion Moves Clause: Evasion moves are banned
|rule|Endless Battle Clause: Forcing endless battles is banned
|rule|HP Percentage Mod: HP is shown in percentages
|rule|Evasion Abilities Clause: Evasion abilities are banned
|rule|Sleep Moves Clause: Sleep-inducing moves are banned
|rule|Swagger Clause: Swagger is banned
|rule|Baton Pass Stat Clause: No Baton Passer may have a way to boost its stats
|clearpoke
|poke|p1|Starmie|item
|poke|p1|Ferrothorn, F|item
|poke|p1|Scizor, M|item
|poke|p1|Rotom-Wash|item
|poke|p1|Politoed, M|item
|poke|p1|Latios, M|item
|poke|p2|Tyranitar, M|item
|poke|p2|Landorus-Therian, M|item
|poke|p2|Ferrothorn, M|item
|poke|p2|Jellicent, M|item
|poke|p2|Alakazam, M|item
|poke|p2|Reuniclus, M|item
|teampreview
|
|t:|1711942607
|start
|switch|p1a: Rotom|Rotom-Wash|100/100
|switch|p2a: Landorus|Landorus-Therian, M|100/100
|-ability|p2a: Landorus|Intimidate|boost
|-unboost|p1a: Rotom|atk|1
|turn|1
|inactive|Battle timer is ON: inactive players will automatically lose when time's up. (requested by Skullmonkey)
|
|t:|1711942641
|move|p2a: Landorus|U-turn|p1a: Rotom
|-damage|p1a: Rotom|67/100
|
|t:|1711942645
|switch|p2a: Jellicent|Jellicent, M|100/100|[from] U-turn
|move|p1a: Rotom|Hydro Pump|p2a: Jellicent
|-immune|p2a: Jellicent|[from] ability: Water Absorb
|
|upkeep
|turn|2
|
|t:|1711942652
|switch|p1a: Ferrothorn|Ferrothorn, F|100/100
|move|p2a: Jellicent|Will-O-Wisp|p1a: Ferrothorn
|-status|p1a: Ferrothorn|brn
|
|-damage|p1a: Ferrothorn|88/100 brn|[from] brn
|upkeep
|turn|3
|
|t:|1711942659
|move|p2a: Jellicent|Taunt|p1a: Ferrothorn
|-start|p1a: Ferrothorn|move: Taunt
|cant|p1a: Ferrothorn|move: Taunt|Thunder Wave
|
|-heal|p1a: Ferrothorn|94/100 brn|[from] item: Leftovers
|-damage|p1a: Ferrothorn|82/100 brn|[from] brn
|upkeep
|turn|4
|
|t:|1711942685
|switch|p2a: Ferrothorn|Ferrothorn, M|100/100
|switch|p1a: Rotom|Rotom-Wash|67/100
|
|upkeep
|turn|5
|
|t:|1711942690
|move|p1a: Rotom|Trick|p2a: Ferrothorn
|-activate|p1a: Rotom|move: Trick|[of] p2a: Ferrothorn
|-item|p2a: Ferrothorn|Choice Scarf|[from] move: Trick
|-item|p1a: Rotom|Leftovers|[from] move: Trick
|move|p2a: Ferrothorn|Spikes|p1a: Rotom
|-sidestart|p1: Skullmonkey|Spikes
|
|-heal|p1a: Rotom|73/100|[from] item: Leftovers
|upkeep
|turn|6
|
|t:|1711942698
|move|p1a: Rotom|Volt Switch|p2a: Ferrothorn
|-resisted|p2a: Ferrothorn
|-damage|p2a: Ferrothorn|89/100
|
|t:|1711942702
|switch|p1a: Scizor|Scizor, M|100/100|[from] Volt Switch
|-damage|p1a: Scizor|88/100|[from] Spikes
|move|p2a: Ferrothorn|Spikes|p1a: Scizor
|-sidestart|p1: Skullmonkey|Spikes
|
|upkeep
|turn|7
|
|t:|1711942709
|move|p1a: Scizor|U-turn|p2a: Ferrothorn
|-damage|p2a: Ferrothorn|46/100
|-damage|p1a: Scizor|76/100|[from] ability: Iron Barbs|[of] p2a: Ferrothorn
|
|t:|1711942713
|switch|p1a: Starmie|Starmie, shiny|100/100|[from] U-turn
|-damage|p1a: Starmie|84/100|[from] Spikes
|move|p2a: Ferrothorn|Spikes|p1a: Starmie
|-sidestart|p1: Skullmonkey|Spikes
|
|-heal|p1a: Starmie|90/100|[from] item: Leftovers
|upkeep
|turn|8
|
|t:|1711942720
|switch|p2a: Jellicent|Jellicent, M|100/100
|move|p1a: Starmie|Scald|p2a: Jellicent
|-immune|p2a: Jellicent|[from] ability: Water Absorb
|
|-heal|p1a: Starmie|96/100|[from] item: Leftovers
|upkeep
|turn|9
|
|t:|1711942727
|move|p1a: Starmie|Thunder|p2a: Jellicent
|-supereffective|p2a: Jellicent
|-damage|p2a: Jellicent|50/100
|move|p2a: Jellicent|Will-O-Wisp|p1a: Starmie
|-status|p1a: Starmie|brn
|
|-heal|p1a: Starmie|100/100 brn|[from] item: Leftovers
|-heal|p2a: Jellicent|56/100|[from] item: Leftovers
|-damage|p1a: Starmie|88/100 brn|[from] brn
|upkeep
|turn|10
|
|t:|1711942738
|-curestatus|p1a: Starmie|brn|[from] ability: Natural Cure
|switch|p1a: Rotom|Rotom-Wash|73/100
|move|p2a: Jellicent|Recover|p2a: Jellicent
|-heal|p2a: Jellicent|100/100
|
|-heal|p1a: Rotom|79/100|[from] item: Leftovers
|upkeep
|turn|11
|
|t:|1711942750
|move|p1a: Rotom|Thunder|p2a: Jellicent
|-supereffective|p2a: Jellicent
|-damage|p2a: Jellicent|28/100
|-status|p2a: Jellicent|par
|cant|p2a: Jellicent|par
|
|-heal|p1a: Rotom|86/100|[from] item: Leftovers
|-heal|p2a: Jellicent|34/100 par|[from] item: Leftovers
|upkeep
|turn|12
|
|t:|1711942759
|move|p1a: Rotom|Volt Switch|p2a: Jellicent
|-supereffective|p2a: Jellicent
|-crit|p2a: Jellicent
|-damage|p2a: Jellicent|0 fnt
|faint|p2a: Jellicent
|
|t:|1711942765
|switch|p1a: Starmie|Starmie, shiny|88/100|[from] Volt Switch
|-damage|p1a: Starmie|63/100|[from] Spikes
|
|-heal|p1a: Starmie|69/100|[from] item: Leftovers
|upkeep
|
|t:|1711942769
|switch|p2a: Landorus|Landorus-Therian, M|100/100
|-ability|p2a: Landorus|Intimidate|boost
|-unboost|p1a: Starmie|atk|1
|turn|13
|
|t:|1711942775
|switch|p1a: Scizor|Scizor, M|76/100
|-damage|p1a: Scizor|51/100|[from] Spikes
|move|p2a: Landorus|U-turn|p1a: Scizor
|-resisted|p1a: Scizor
|-damage|p1a: Scizor|37/100
|
|t:|1711942781
|switch|p2a: Alakazam|Alakazam, M|100/100|[from] U-turn
|
|upkeep
|turn|14
|
|t:|1711942784
|move|p1a: Scizor|Bullet Punch|p2a: Alakazam
|-crit|p2a: Alakazam
|-enditem|p2a: Alakazam|Focus Sash
|-damage|p2a: Alakazam|1/100
|move|p2a: Alakazam|Hidden Power|p1a: Scizor
|-supereffective|p1a: Scizor
|-damage|p1a: Scizor|0 fnt
|faint|p1a: Scizor
|
|upkeep
|
|t:|1711942795
|switch|p1a: Latios|Latios, M|100/100
|turn|15
|
|t:|1711942799
|move|p1a: Latios|Surf|p2a: Alakazam
|-damage|p2a: Alakazam|0 fnt
|faint|p2a: Alakazam
|
|upkeep
|
|t:|1711942804
|switch|p2a: Landorus|Landorus-Therian, M|100/100
|-ability|p2a: Landorus|Intimidate|boost
|-unboost|p1a: Latios|atk|1
|turn|16
|
|t:|1711942807
|switch|p2a: Ferrothorn|Ferrothorn, M|46/100
|move|p1a: Latios|Surf|p2a: Ferrothorn
|-resisted|p2a: Ferrothorn
|-damage|p2a: Ferrothorn|35/100
|
|upkeep
|turn|17
|
|t:|1711942813
|switch|p1a: Starmie|Starmie, shiny|69/100
|-damage|p1a: Starmie|45/100|[from] Spikes
|move|p2a: Ferrothorn|Gyro Ball|p1a: Starmie
|-resisted|p1a: Starmie
|-damage|p1a: Starmie|7/100
|
|-heal|p1a: Starmie|13/100|[from] item: Leftovers
|upkeep
|turn|18
|
|t:|1711942834
|switch|p2a: Tyranitar|Tyranitar, M|100/100
|-weather|Sandstorm|[from] ability: Sand Stream|[of] p2a: Tyranitar
|move|p1a: Starmie|Rapid Spin|p2a: Tyranitar
|-resisted|p2a: Tyranitar
|-damage|p2a: Tyranitar|99/100
|-sideend|p1: Skullmonkey|Spikes|[from] move: Rapid Spin|[of] p1a: Starmie
|
|-weather|Sandstorm|[upkeep]
|-damage|p1a: Starmie|7/100|[from] Sandstorm
|-heal|p1a: Starmie|13/100|[from] item: Leftovers
|upkeep
|turn|19
|
|t:|1711942844
|move|p1a: Starmie|Scald|p2a: Tyranitar
|-supereffective|p2a: Tyranitar
|-damage|p2a: Tyranitar|67/100
|move|p2a: Tyranitar|Pursuit|p1a: Starmie
|-supereffective|p1a: Starmie
|-damage|p1a: Starmie|0 fnt
|faint|p1a: Starmie
|
|-weather|Sandstorm|[upkeep]
|upkeep
|
|t:|1711942856
|switch|p1a: Politoed|Politoed, M|100/100
|-weather|RainDance|[from] ability: Drizzle|[of] p1a: Politoed
|turn|20
|
|t:|1711942862
|switch|p2a: Ferrothorn|Ferrothorn, M|35/100
|move|p1a: Politoed|Scald|p2a: Ferrothorn
|-resisted|p2a: Ferrothorn
|-damage|p2a: Ferrothorn|4/100
|
|-weather|RainDance|[upkeep]
|upkeep
|turn|21
|
|t:|1711942869
|move|p1a: Politoed|Scald|p2a: Ferrothorn
|-resisted|p2a: Ferrothorn
|-damage|p2a: Ferrothorn|0 fnt
|faint|p2a: Ferrothorn
|
|-weather|RainDance|[upkeep]
|upkeep
|
|t:|1711942872
|switch|p2a: Reuniclus|Reuniclus, M|100/100
|turn|22
|
|t:|1711942878
|move|p1a: Politoed|Scald|p2a: Reuniclus
|-damage|p2a: Reuniclus|31/100
|move|p2a: Reuniclus|Calm Mind|p2a: Reuniclus
|-boost|p2a: Reuniclus|spa|1
|-boost|p2a: Reuniclus|spd|1
|
|-weather|RainDance|[upkeep]
|-heal|p2a: Reuniclus|37/100|[from] item: Leftovers
|upkeep
|turn|23
|
|t:|1711942885
|move|p1a: Politoed|Scald|p2a: Reuniclus
|-damage|p2a: Reuniclus|0 fnt
|faint|p2a: Reuniclus
|
|-weather|RainDance|[upkeep]
|upkeep
|
|t:|1711942890
|switch|p2a: Landorus|Landorus-Therian, M|100/100
|-ability|p2a: Landorus|Intimidate|boost
|-unboost|p1a: Politoed|atk|1
|turn|24
|
|t:|1711942896
|switch|p1a: Ferrothorn|Ferrothorn, F|82/100 brn
|move|p2a: Landorus|Earthquake|p1a: Ferrothorn
|-damage|p1a: Ferrothorn|44/100 brn
|
|-weather|RainDance|[upkeep]
|-heal|p1a: Ferrothorn|50/100 brn|[from] item: Leftovers
|-damage|p1a: Ferrothorn|38/100 brn|[from] brn
|upkeep
|turn|25
|
|t:|1711942905
|switch|p2a: Tyranitar|Tyranitar, M|67/100
|-weather|Sandstorm|[from] ability: Sand Stream|[of] p2a: Tyranitar
|move|p1a: Ferrothorn|Leech Seed|p2a: Tyranitar
|-start|p2a: Tyranitar|move: Leech Seed
|
|-weather|Sandstorm|[upkeep]
|-heal|p1a: Ferrothorn|44/100 brn|[from] item: Leftovers
|-damage|p2a: Tyranitar|55/100|[from] Leech Seed|[of] p1a: Ferrothorn
|-heal|p1a: Ferrothorn|58/100 brn|[silent]
|-damage|p1a: Ferrothorn|46/100 brn|[from] brn
|upkeep
|turn|26
|-message|Nice Mice forfeited.
|
|win|Skullmonkey
|raw|Skullmonkey's rating: 1220 &rarr; <strong>1248</strong><br />(+28 for winning)
|raw|Nice Mice's rating: 1256 &rarr; <strong>1228</strong><br />(-28 for losing)
|l|☆Nice Mice
|player|p2|
|c|☆Skullmonkey|GG
