{"id":"gen5ou-2093344396","format":"[Gen 5] OU","players":["CromaZM","n1c0_2704"],"log":"|j|\u2606CromaZM\n|j|\u2606n1c0_2704\n|t:|1711942069\n|gametype|singles\n|player|p1|CromaZM|101|\n|player|p2|n1c0_2704|265|\n|teamsize|p1|6\n|teamsize|p2|6\n|gen|5\n|tier|[Gen 5] OU\n|rule|Species Clause: Limit one of each Pok\u00e9mon\n|rule|OHKO Clause: OHKO moves are banned\n|rule|Moody Clause: Moody is banned\n|rule|Evasion Items Clause: Evasion items are banned\n|rule|Evasion Moves Clause: Evasion moves are banned\n|rule|Endless Battle Clause: Forcing endless battles is banned\n|rule|HP Percentage Mod: HP is shown in percentages\n|rule|Evasion Abilities Clause: Evasion abilities are banned\n|rule|Sleep Moves Clause: Sleep-inducing moves are banned\n|rule|Swagger Clause: Swagger is banned\n|rule|Baton Pass Stat Clause: No Baton Passer may have a way to boost its stats\n|clearpoke\n|poke|p1|Tentacruel, M|item\n|poke|p1|Raichu, M|item\n|poke|p1|Jirachi|item\n|poke|p1|Zangoose, M|item\n|poke|p1|Typhlosion, M|item\n|poke|p1|Wobbuffet, M|item\n|poke|p2|Gliscor, F|item\n|poke|p2|Azumarill, M|item\n|poke|p2|Snorlax, M|item\n|poke|p2|Magnezone|item\n|poke|p2|Yanmega, F|item\n|poke|p2|Tentacruel, F|item\n|teampreview\n|j| Drakunium429\n|c| Drakunium429|alellujah\n|\n|t:|1711942091\n|start\n|switch|p1a: Pulpo|Tentacruel, M, shiny|100\/100\n|switch|p2a: Yanmega|Yanmega, F, shiny|100\/100\n|turn|1\n|\n|t:|1711942134\n|move|p2a: Yanmega|Protect|p2a: Yanmega\n|-singleturn|p2a: Yanmega|Protect\n|move|p1a: Pulpo|Toxic Spikes|p2a: Yanmega\n|-sidestart|p2: n1c0_2704|move: Toxic Spikes\n|\n|-ability|p2a: Yanmega|Speed Boost|boost\n|-boost|p2a: Yanmega|spe|1\n|upkeep\n|turn|2\n|j| sample team steve\n|\n|t:|1711942170\n|switch|p2a: Magnezone|Magnezone, shiny|100\/100\n|move|p1a: Pulpo|Surf|p2a: Magnezone\n|-damage|p2a: Magnezone|68\/100\n|\n|upkeep\n|turn|3\n|\n|t:|1711942191\n|switch|p1a: PikachuSaiyan|Raichu, M|100\/100\n|move|p2a: Magnezone|Thunderbolt|p1a: PikachuSaiyan\n|-resisted|p1a: PikachuSaiyan\n|-crit|p1a: PikachuSaiyan\n|-damage|p1a: PikachuSaiyan|0 fnt\n|faint|p1a: PikachuSaiyan\n|\n|upkeep\n|\n|t:|1711942202\n|switch|p1a: Digimon|Jirachi|100\/100\n|turn|4\n|\n|t:|1711942215\n|switch|p2a: Gliscor|Gliscor, F, shiny|100\/100\n|move|p1a: Digimon|Ice Punch|p2a: Gliscor\n|-supereffective|p2a: Gliscor\n|-damage|p2a: Gliscor|38\/100\n|\n|-status|p2a: Gliscor|tox|[from] item: Toxic Orb\n|upkeep\n|turn|5\n|j| Xelax97\n|\n|t:|1711942248\n|move|p1a: Digimon|Ice Punch|p2a: Gliscor\n|-supereffective|p2a: Gliscor\n|-damage|p2a: Gliscor|0 fnt\n|faint|p2a: Gliscor\n|\n|upkeep\n|inactive|Battle timer is ON: inactive players will automatically lose when time's up. (requested by CromaZM)\n|\n|t:|1711942279\n|switch|p2a: Snorlax|Snorlax, M, shiny|100\/100\n|-status|p2a: Snorlax|psn\n|turn|6\n|inactiveoff|Battle timer is now OFF.\n|\n|t:|1711942292\n|switch|p1a: Aguja Din\u00e1mica|Zangoose, M|100\/100\n|move|p2a: Snorlax|Body Slam|p1a: Aguja Din\u00e1mica\n|-damage|p1a: Aguja Din\u00e1mica|43\/100\n|-status|p1a: Aguja Din\u00e1mica|par\n|\n|-damage|p2a: Snorlax|88\/100 psn|[from] psn\n|upkeep\n|turn|7\n|\n|t:|1711942313\n|move|p2a: Snorlax|Body Slam|p1a: Aguja Din\u00e1mica\n|-damage|p1a: Aguja Din\u00e1mica|0 fnt\n|faint|p1a: Aguja Din\u00e1mica\n|\n|-heal|p2a: Snorlax|94\/100 psn|[from] item: Leftovers\n|-damage|p2a: Snorlax|82\/100 psn|[from] psn\n|upkeep\n|\n|t:|1711942326\n|switch|p1a: Digimon|Jirachi|100\/100\n|turn|8\n|\n|t:|1711942339\n|move|p1a: Digimon|Iron Head|p2a: Snorlax\n|-damage|p2a: Snorlax|55\/100 psn\n|cant|p2a: Snorlax|flinch\n|\n|-heal|p2a: Snorlax|61\/100 psn|[from] item: Leftovers\n|-damage|p2a: Snorlax|49\/100 psn|[from] psn\n|upkeep\n|turn|9\n|\n|t:|1711942349\n|switch|p1a: Eskuero|Wobbuffet, M|100\/100\n|move|p2a: Snorlax|Rest|p2a: Snorlax\n|-status|p2a: Snorlax|slp|[from] move: Rest\n|-heal|p2a: Snorlax|100\/100 slp|[silent]\n|\n|upkeep\n|turn|10\n|\n|t:|1711942361\n|switch|p2a: Yanmega|Yanmega, F, shiny|100\/100\n|move|p1a: Eskuero|Counter||[still]\n|-fail|p1a: Eskuero\n|\n|upkeep\n|turn|11\n|\n|t:|1711942377\n|switch|p1a: Pulpo|Tentacruel, M, shiny|100\/100\n|move|p2a: Yanmega|Bug Buzz|p1a: Pulpo\n|-resisted|p1a: Pulpo\n|-damage|p1a: Pulpo|80\/100\n|-damage|p2a: Yanmega|91\/100|[from] item: Life Orb\n|\n|-heal|p1a: Pulpo|86\/100|[from] item: Black Sludge\n|-ability|p2a: Yanmega|Speed Boost|boost\n|-boost|p2a: Yanmega|spe|1\n|upkeep\n|turn|12\n|\n|t:|1711942410\n|move|p2a: Yanmega|Ancient Power|p1a: Pulpo\n|-damage|p1a: Pulpo|69\/100\n|-damage|p2a: Yanmega|81\/100|[from] item: Life Orb\n|move|p1a: Pulpo|Surf|p2a: Yanmega\n|-damage|p2a: Yanmega|38\/100\n|\n|-heal|p1a: Pulpo|75\/100|[from] item: Black Sludge\n|-ability|p2a: Yanmega|Speed Boost|boost\n|-boost|p2a: Yanmega|spe|1\n|upkeep\n|turn|13\n|\n|t:|1711942424\n|switch|p2a: Magnezone|Magnezone, shiny|68\/100\n|move|p1a: Pulpo|Toxic Spikes|p2a: Magnezone\n|-sidestart|p2: n1c0_2704|move: Toxic Spikes\n|\n|-heal|p1a: Pulpo|81\/100|[from] item: Black Sludge\n|upkeep\n|turn|14\n|\n|t:|1711942435\n|switch|p1a: Digimon|Jirachi|100\/100\n|move|p2a: Magnezone|Thunderbolt|p1a: Digimon\n|-damage|p1a: Digimon|23\/100\n|-status|p1a: Digimon|par\n|\n|upkeep\n|turn|15\n|\n|t:|1711942445\n|move|p2a: Magnezone|Thunderbolt|p1a: Digimon\n|-damage|p1a: Digimon|0 fnt\n|faint|p1a: Digimon\n|\n|upkeep\n|\n|t:|1711942450\n|switch|p1a: Llamarada Moe|Typhlosion, M, shiny|100\/100\n|turn|16\n|\n|t:|1711942466\n|switch|p2a: Tentacruel|Tentacruel, F, shiny|100\/100\n|-sideend|p2: n1c0_2704|move: Toxic Spikes|[of] p2a: Tentacruel\n|move|p1a: Llamarada Moe|Eruption|p2a: Tentacruel\n|-resisted|p2a: Tentacruel\n|-damage|p2a: Tentacruel|62\/100\n|\n|-heal|p2a: Tentacruel|68\/100|[from] item: Black Sludge\n|upkeep\n|turn|17\n|\n|t:|1711942482\n|switch|p1a: Pulpo|Tentacruel, M, shiny|81\/100\n|move|p2a: Tentacruel|Waterfall|p1a: Pulpo\n|-resisted|p1a: Pulpo\n|-damage|p1a: Pulpo|64\/100\n|\n|-heal|p2a: Tentacruel|74\/100|[from] item: Black Sludge\n|-heal|p1a: Pulpo|70\/100|[from] item: Black Sludge\n|upkeep\n|turn|18\n|\n|t:|1711942505\n|move|p2a: Tentacruel|Knock Off|p1a: Pulpo\n|-damage|p1a: Pulpo|64\/100\n|-enditem|p1a: Pulpo|Black Sludge|[from] move: Knock Off|[of] p2a: Tentacruel\n|move|p1a: Pulpo|Surf|p2a: Tentacruel\n|-resisted|p2a: Tentacruel\n|-damage|p2a: Tentacruel|62\/100\n|\n|-heal|p2a: Tentacruel|68\/100|[from] item: Black Sludge\n|upkeep\n|turn|19\n|\n|t:|1711942520\n|move|p2a: Tentacruel|Swords Dance|p2a: Tentacruel\n|-boost|p2a: Tentacruel|atk|2\n|move|p1a: Pulpo|Toxic Spikes|p2a: Tentacruel\n|-sidestart|p2: n1c0_2704|move: Toxic Spikes\n|\n|-heal|p2a: Tentacruel|74\/100|[from] item: Black Sludge\n|upkeep\n|turn|20\n|\n|t:|1711942540\n|move|p2a: Tentacruel|Knock Off|p1a: Pulpo\n|-damage|p1a: Pulpo|52\/100\n|move|p1a: Pulpo|Toxic Spikes|p2a: Tentacruel\n|-sidestart|p2: n1c0_2704|move: Toxic Spikes\n|\n|-heal|p2a: Tentacruel|80\/100|[from] item: Black Sludge\n|upkeep\n|turn|21\n|\n|t:|1711942555\n|move|p2a: Tentacruel|Waterfall|p1a: Pulpo\n|-resisted|p1a: Pulpo\n|-damage|p1a: Pulpo|16\/100\n|cant|p1a: Pulpo|flinch\n|\n|-heal|p2a: Tentacruel|86\/100|[from] item: Black Sludge\n|upkeep\n|turn|22\n|\n|t:|1711942566\n|move|p2a: Tentacruel|Poison Jab|p1a: Pulpo\n|-resisted|p1a: Pulpo\n|-damage|p1a: Pulpo|0 fnt\n|faint|p1a: Pulpo\n|\n|-heal|p2a: Tentacruel|92\/100|[from] item: Black Sludge\n|upkeep\n|\n|t:|1711942573\n|switch|p1a: Eskuero|Wobbuffet, M|100\/100\n|turn|23\n|\n|t:|1711942579\n|move|p2a: Tentacruel|Poison Jab|p1a: Eskuero\n|-damage|p1a: Eskuero|61\/100\n|move|p1a: Eskuero|Mirror Coat||[still]\n|-fail|p1a: Eskuero\n|\n|-heal|p2a: Tentacruel|98\/100|[from] item: Black Sludge\n|upkeep\n|turn|24\n|\n|t:|1711942589\n|move|p2a: Tentacruel|Poison Jab|p1a: Eskuero\n|-damage|p1a: Eskuero|20\/100\n|-status|p1a: Eskuero|psn\n|-enditem|p1a: Eskuero|Sitrus Berry|[eat]\n|-heal|p1a: Eskuero|45\/100 psn|[from] item: Sitrus Berry\n|move|p1a: Eskuero|Mirror Coat||[still]\n|-fail|p1a: Eskuero\n|\n|-heal|p2a: Tentacruel|100\/100|[from] item: Black Sludge\n|-damage|p1a: Eskuero|33\/100 psn|[from] psn\n|upkeep\n|turn|25\n|\n|t:|1711942612\n|switch|p2a: Snorlax|Snorlax, M, shiny|100\/100 slp\n|move|p1a: Eskuero|Destiny Bond|p1a: Eskuero\n|-singlemove|p1a: Eskuero|Destiny Bond\n|\n|-damage|p1a: Eskuero|20\/100 psn|[from] psn\n|upkeep\n|turn|26\n|\n|t:|1711942630\n|cant|p2a: Snorlax|slp\n|move|p1a: Eskuero|Counter||[still]\n|-fail|p1a: Eskuero\n|\n|-damage|p1a: Eskuero|8\/100 psn|[from] psn\n|upkeep\n|turn|27\n|\n|t:|1711942642\n|switch|p2a: Magnezone|Magnezone, shiny|68\/100\n|move|p1a: Eskuero|Destiny Bond|p1a: Eskuero\n|-singlemove|p1a: Eskuero|Destiny Bond\n|\n|-damage|p1a: Eskuero|0 fnt|[from] psn\n|faint|p1a: Eskuero\n|upkeep\n|\n|t:|1711942651\n|switch|p1a: Llamarada Moe|Typhlosion, M, shiny|100\/100\n|turn|28\n|\n|t:|1711942672\n|switch|p2a: Tentacruel|Tentacruel, F, shiny|100\/100\n|-sideend|p2: n1c0_2704|move: Toxic Spikes|[of] p2a: Tentacruel\n|move|p1a: Llamarada Moe|Eruption|p2a: Tentacruel\n|-resisted|p2a: Tentacruel\n|-damage|p2a: Tentacruel|65\/100\n|\n|-heal|p2a: Tentacruel|71\/100|[from] item: Black Sludge\n|upkeep\n|turn|29\n|\n|t:|1711942689\n|move|p1a: Llamarada Moe|Eruption|p2a: Tentacruel\n|-resisted|p2a: Tentacruel\n|-damage|p2a: Tentacruel|36\/100\n|move|p2a: Tentacruel|Waterfall|p1a: Llamarada Moe\n|-supereffective|p1a: Llamarada Moe\n|-damage|p1a: Llamarada Moe|23\/100\n|\n|-heal|p2a: Tentacruel|42\/100|[from] item: Black Sludge\n|upkeep\n|turn|30\n|\n|t:|1711942710\n|move|p1a: Llamarada Moe|Eruption|p2a: Tentacruel\n|-resisted|p2a: Tentacruel\n|-damage|p2a: Tentacruel|30\/100\n|move|p2a: Tentacruel|Waterfall|p1a: Llamarada Moe\n|-supereffective|p1a: Llamarada Moe\n|-damage|p1a: Llamarada Moe|0 fnt\n|faint|p1a: Llamarada Moe\n|\n|win|n1c0_2704\n","uploadtime":1711942718,"views":1,"formatid":"gen5ou","rating":null,"private":0,"password":null}