{"id":"gen5ou-2093356809","format":"[Gen 5] OU","players":["257m","Skullmonkey"],"log":"|j|\u2606257m\n|j|\u2606Skullmonkey\n|t:|1711943859\n|gametype|singles\n|player|p1|257m|102|1216\n|player|p2|Skullmonkey|li|1277\n|teamsize|p1|6\n|teamsize|p2|6\n|gen|5\n|tier|[Gen 5] OU\n|rated|\n|rule|Species Clause: Limit one of each Pok\u00e9mon\n|rule|OHKO Clause: OHKO moves are banned\n|rule|Moody Clause: Moody is banned\n|rule|Evasion Items Clause: Evasion items are banned\n|rule|Evasion Moves Clause: Evasion moves are banned\n|rule|Endless Battle Clause: Forcing endless battles is banned\n|rule|HP Percentage Mod: HP is shown in percentages\n|rule|Evasion Abilities Clause: Evasion abilities are banned\n|rule|Sleep Moves Clause: Sleep-inducing moves are banned\n|rule|Swagger Clause: Swagger is banned\n|rule|Baton Pass Stat Clause: No Baton Passer may have a way to boost its stats\n|clearpoke\n|poke|p1|Garchomp, F|item\n|poke|p1|Magnezone|item\n|poke|p1|Dragonite, M|item\n|poke|p1|Cloyster, M|item\n|poke|p1|Starmie|item\n|poke|p1|Jirachi|item\n|poke|p2|Starmie|item\n|poke|p2|Ferrothorn, F|item\n|poke|p2|Scizor, F|item\n|poke|p2|Rotom-Wash|item\n|poke|p2|Politoed, F|item\n|poke|p2|Latios, M|item\n|teampreview\n|inactive|Battle timer is ON: inactive players will automatically lose when time's up. (requested by 257m)\n|\n|t:|1711943881\n|start\n|switch|p1a: Garchomp|Garchomp, F|100\/100\n|switch|p2a: Rotom|Rotom-Wash|100\/100\n|turn|1\n|\n|t:|1711943886\n|move|p2a: Rotom|Trick|p1a: Garchomp\n|-activate|p2a: Rotom|move: Trick|[of] p1a: Garchomp\n|-item|p1a: Garchomp|Choice Scarf|[from] move: Trick\n|-item|p2a: Rotom|Focus Sash|[from] move: Trick\n|move|p1a: Garchomp|Stealth Rock|p2a: Rotom\n|-sidestart|p2: Skullmonkey|move: Stealth Rock\n|\n|upkeep\n|turn|2\n|\n|t:|1711943897\n|switch|p1a: Jirachi|Jirachi|100\/100\n|switch|p2a: Politoed|Politoed, F|100\/100\n|-damage|p2a: Politoed|88\/100|[from] Stealth Rock\n|-weather|RainDance|[from] ability: Drizzle|[of] p2a: Politoed\n|\n|-weather|RainDance|[upkeep]\n|upkeep\n|turn|3\n|\n|t:|1711943906\n|move|p1a: Jirachi|Trick|p2a: Politoed\n|-activate|p1a: Jirachi|move: Trick|[of] p2a: Politoed\n|-item|p2a: Politoed|Choice Scarf|[from] move: Trick\n|-item|p1a: Jirachi|Choice Specs|[from] move: Trick\n|move|p2a: Politoed|Scald|p1a: Jirachi\n|-damage|p1a: Jirachi|56\/100\n|\n|-weather|RainDance|[upkeep]\n|upkeep\n|turn|4\n|\n|t:|1711943929\n|move|p1a: Jirachi|Iron Head|p2a: Politoed\n|-resisted|p2a: Politoed\n|-damage|p2a: Politoed|69\/100\n|move|p2a: Politoed|Scald|p1a: Jirachi\n|-damage|p1a: Jirachi|9\/100\n|-status|p1a: Jirachi|brn\n|\n|-weather|RainDance|[upkeep]\n|-damage|p1a: Jirachi|0 fnt|[from] brn\n|faint|p1a: Jirachi\n|upkeep\n|\n|t:|1711943938\n|switch|p1a: Cloyster|Cloyster, M|100\/100\n|turn|5\n|\n|t:|1711943946\n|move|p1a: Cloyster|Shell Smash|p1a: Cloyster\n|-unboost|p1a: Cloyster|def|1\n|-unboost|p1a: Cloyster|spd|1\n|-boost|p1a: Cloyster|atk|2\n|-boost|p1a: Cloyster|spa|2\n|-boost|p1a: Cloyster|spe|2\n|move|p2a: Politoed|Scald|p1a: Cloyster\n|-resisted|p1a: Cloyster\n|-damage|p1a: Cloyster|0 fnt\n|faint|p1a: Cloyster\n|\n|-weather|RainDance|[upkeep]\n|upkeep\n|\n|t:|1711943958\n|switch|p1a: Starmie|Starmie|100\/100\n|-item|p1a: Starmie|Air Balloon\n|turn|6\n|c|\u2606Skullmonkey|BALLOON!??!?!?!\n|\n|t:|1711943968\n|switch|p2a: Ferrothorn|Ferrothorn, F|100\/100\n|-damage|p2a: Ferrothorn|94\/100|[from] Stealth Rock\n|move|p1a: Starmie|Thunderbolt|p2a: Ferrothorn\n|-resisted|p2a: Ferrothorn\n|-crit|p2a: Ferrothorn\n|-damage|p2a: Ferrothorn|68\/100\n|\n|-weather|RainDance|[upkeep]\n|-heal|p2a: Ferrothorn|74\/100|[from] item: Leftovers\n|upkeep\n|turn|7\n|\n|t:|1711943977\n|switch|p1a: Magnezone|Magnezone|100\/100\n|-item|p1a: Magnezone|Air Balloon\n|switch|p2a: Latios|Latios, M|100\/100\n|-damage|p2a: Latios|88\/100|[from] Stealth Rock\n|\n|-weather|RainDance|[upkeep]\n|upkeep\n|turn|8\n|\n|t:|1711943989\n|move|p2a: Latios|Surf|p1a: Magnezone\n|-damage|p1a: Magnezone|40\/100\n|-enditem|p1a: Magnezone|Air Balloon\n|move|p1a: Magnezone|Sunny Day|p1a: Magnezone\n|-weather|SunnyDay\n|\n|-weather|SunnyDay|[upkeep]\n|upkeep\n|turn|9\n|\n|t:|1711944003\n|switch|p1a: Garchomp|Garchomp, F|100\/100\n|move|p2a: Latios|Surf|p1a: Garchomp\n|-damage|p1a: Garchomp|82\/100\n|\n|-weather|SunnyDay|[upkeep]\n|upkeep\n|turn|10\n|\n|t:|1711944012\n|switch|p2a: Scizor|Scizor, F|100\/100\n|-damage|p2a: Scizor|88\/100|[from] Stealth Rock\n|move|p1a: Garchomp|Swords Dance|p1a: Garchomp\n|-boost|p1a: Garchomp|atk|2\n|\n|-weather|SunnyDay|[upkeep]\n|upkeep\n|turn|11\n|c|\u2606Skullmonkey|Hmmmm\n|c|\u2606Skullmonkey|Choice scarf???\n|\n|t:|1711944025\n|switch|p1a: Magnezone|Magnezone|40\/100\n|move|p2a: Scizor|U-turn|p1a: Magnezone\n|-resisted|p1a: Magnezone\n|-damage|p1a: Magnezone|9\/100\n|c|\u2606257m|missclick\n|\n|t:|1711944031\n|switch|p2a: Latios|Latios, M|88\/100|[from] U-turn\n|-damage|p2a: Latios|76\/100|[from] Stealth Rock\n|\n|-weather|SunnyDay|[upkeep]\n|upkeep\n|turn|12\n|\n|t:|1711944038\n|move|p2a: Latios|Psyshock|p1a: Magnezone\n|-resisted|p1a: Magnezone\n|-damage|p1a: Magnezone|0 fnt\n|faint|p1a: Magnezone\n|\n|-weather|none\n|upkeep\n|\n|t:|1711944041\n|switch|p1a: Garchomp|Garchomp, F|82\/100\n|turn|13\n|\n|t:|1711944045\n|switch|p2a: Ferrothorn|Ferrothorn, F|74\/100\n|-damage|p2a: Ferrothorn|68\/100|[from] Stealth Rock\n|move|p1a: Garchomp|Outrage|p2a: Ferrothorn\n|-resisted|p2a: Ferrothorn\n|-damage|p2a: Ferrothorn|45\/100\n|-damage|p1a: Garchomp|70\/100|[from] ability: Iron Barbs|[of] p2a: Ferrothorn\n|\n|-heal|p2a: Ferrothorn|52\/100|[from] item: Leftovers\n|upkeep\n|turn|14\n|-message|257m forfeited.\n|\n|win|Skullmonkey\n|raw|257m's rating: 1216 &rarr; <strong>1195<\/strong><br \/>(-21 for losing)\n|raw|Skullmonkey's rating: 1277 &rarr; <strong>1298<\/strong><br \/>(+21 for winning)\n|l|\u2606257m\n|player|p1|\n|c|\u2606Skullmonkey|GG\n","uploadtime":1711944060,"views":1,"formatid":"gen5ou","rating":1195,"private":0,"password":null}