|j|☆wabrit
|j|☆Blossummm
|t:|1711931541
|gametype|singles
|player|p1|wabrit|102|1234
|player|p2|Blossummm|roxie|1281
|teamsize|p1|6
|teamsize|p2|6
|gen|5
|tier|[Gen 5] OU
|rated|
|rule|Species Clause: Limit one of each Pokémon
|rule|OHKO Clause: OHKO moves are banned
|rule|Moody Clause: Moody is banned
|rule|Evasion Items Clause: Evasion items are banned
|rule|Evasion Moves Clause: Evasion moves are banned
|rule|Endless Battle Clause: Forcing endless battles is banned
|rule|HP Percentage Mod: HP is shown in percentages
|rule|Evasion Abilities Clause: Evasion abilities are banned
|rule|Sleep Moves Clause: Sleep-inducing moves are banned
|rule|Swagger Clause: Swagger is banned
|rule|Baton Pass Stat Clause: No Baton Passer may have a way to boost its stats
|clearpoke
|poke|p1|Politoed, M|item
|poke|p1|Jirachi|item
|poke|p1|Starmie|item
|poke|p1|Tentacruel, M|item
|poke|p1|Mamoswine, F|item
|poke|p1|Ferrothorn, F|item
|poke|p2|Politoed, M|item
|poke|p2|Kyurem-Black|item
|poke|p2|Starmie|item
|poke|p2|Ferrothorn, F|item
|poke|p2|Garchomp, F|item
|poke|p2|Latios, M|item
|teampreview
|inactive|Battle timer is ON: inactive players will automatically lose when time's up. (requested by Blossummm)
|
|t:|1711931585
|start
|switch|p1a: Politoed|Politoed, M|100/100
|switch|p2a: Garchomp|Garchomp, F|100/100
|-weather|RainDance|[from] ability: Drizzle|[of] p1a: Politoed
|turn|1
|
|t:|1711931615
|switch|p2a: Kyurem|Kyurem-Black|100/100
|-ability|p2a: Kyurem|Teravolt
|move|p1a: Politoed|Hydro Pump|p2a: Kyurem
|-resisted|p2a: Kyurem
|-damage|p2a: Kyurem|51/100
|
|-weather|RainDance|[upkeep]
|upkeep
|turn|2
|
|t:|1711931642
|switch|p1a: Ferrothorn|Ferrothorn, F|100/100
|move|p2a: Kyurem|Fusion Bolt|p1a: Ferrothorn
|-resisted|p1a: Ferrothorn
|-damage|p1a: Ferrothorn|88/100
|
|-weather|RainDance|[upkeep]
|-heal|p1a: Ferrothorn|94/100|[from] item: Leftovers
|upkeep
|turn|3
|inactive|wabrit has 120 seconds left.
|
|t:|1711931659
|move|p2a: Kyurem|Freeze Shock||[still]
|-prepare|p2a: Kyurem|Freeze Shock
|-enditem|p2a: Kyurem|Power Herb
|-anim|p2a: Kyurem|Freeze Shock|p1a: Ferrothorn
|-damage|p1a: Ferrothorn|36/100
|move|p1a: Ferrothorn|Spikes|p2a: Kyurem
|-sidestart|p2: Blossummm|Spikes
|
|-weather|RainDance|[upkeep]
|-heal|p1a: Ferrothorn|42/100|[from] item: Leftovers
|upkeep
|turn|4
|inactive|wabrit has 120 seconds left.
|
|t:|1711931672
|move|p2a: Kyurem|Outrage|p1a: Ferrothorn
|-resisted|p1a: Ferrothorn
|-damage|p1a: Ferrothorn|16/100
|-damage|p2a: Kyurem|38/100|[from] ability: Iron Barbs|[of] p1a: Ferrothorn
|move|p1a: Ferrothorn|Leech Seed|p2a: Kyurem
|-start|p2a: Kyurem|move: Leech Seed
|
|-weather|RainDance|[upkeep]
|-heal|p1a: Ferrothorn|22/100|[from] item: Leftovers
|-damage|p2a: Kyurem|26/100|[from] Leech Seed|[of] p1a: Ferrothorn
|-heal|p1a: Ferrothorn|36/100|[silent]
|upkeep
|turn|5
|inactive|wabrit has 120 seconds left.
|
|t:|1711931696
|move|p2a: Kyurem|Outrage|p1a: Ferrothorn|[from]lockedmove
|-resisted|p1a: Ferrothorn
|-damage|p1a: Ferrothorn|12/100
|-damage|p2a: Kyurem|14/100|[from] ability: Iron Barbs|[of] p1a: Ferrothorn
|move|p1a: Ferrothorn|Spikes|p2a: Kyurem
|-sidestart|p2: Blossummm|Spikes
|
|-weather|RainDance|[upkeep]
|-heal|p1a: Ferrothorn|18/100|[from] item: Leftovers
|-damage|p2a: Kyurem|1/100|[from] Leech Seed|[of] p1a: Ferrothorn
|-heal|p1a: Ferrothorn|33/100|[silent]
|upkeep
|turn|6
|
|t:|1711931708
|switch|p1a: Politoed|Politoed, M|100/100
|move|p2a: Kyurem|Outrage|p1a: Politoed|[from]lockedmove
|-damage|p1a: Politoed|0 fnt
|faint|p1a: Politoed
|-start|p2a: Kyurem|confusion|[fatigue]
|
|-weather|RainDance|[upkeep]
|upkeep
|
|t:|1711931731
|switch|p1a: Starmie|Starmie|100/100
|turn|7
|
|t:|1711931755
|move|p1a: Starmie|Thunder|p2a: Kyurem
|-resisted|p2a: Kyurem
|-damage|p2a: Kyurem|0 fnt
|faint|p2a: Kyurem
|
|-weather|RainDance|[upkeep]
|upkeep
|
|t:|1711931762
|switch|p2a: Latios|Latios, M|100/100
|turn|8
|
|t:|1711931777
|switch|p1a: Ferrothorn|Ferrothorn, F|33/100
|move|p2a: Latios|Draco Meteor|p1a: Ferrothorn
|-resisted|p1a: Ferrothorn
|-damage|p1a: Ferrothorn|0 fnt
|-unboost|p2a: Latios|spa|2
|faint|p1a: Ferrothorn
|
|-weather|RainDance|[upkeep]
|upkeep
|
|t:|1711931786
|switch|p1a: Jirachi|Jirachi|100/100
|turn|9
|
|t:|1711931803
|switch|p2a: Starmie|Starmie|100/100
|-item|p2a: Starmie|Air Balloon
|move|p1a: Jirachi|Substitute|p1a: Jirachi
|-start|p1a: Jirachi|Substitute
|-damage|p1a: Jirachi|75/100
|
|-weather|RainDance|[upkeep]
|-heal|p1a: Jirachi|82/100|[from] item: Leftovers
|upkeep
|turn|10
|
|t:|1711931813
|move|p2a: Starmie|Rapid Spin|p1a: Jirachi
|-resisted|p1a: Jirachi
|-activate|p1a: Jirachi|Substitute|[damage]
|-sideend|p2: Blossummm|Spikes|[from] move: Rapid Spin|[of] p2a: Starmie
|move|p1a: Jirachi|Calm Mind|p1a: Jirachi
|-boost|p1a: Jirachi|spa|1
|-boost|p1a: Jirachi|spd|1
|
|-weather|RainDance|[upkeep]
|-heal|p1a: Jirachi|88/100|[from] item: Leftovers
|upkeep
|turn|11
|inactive|wabrit has 120 seconds left.
|
|t:|1711931821
|move|p2a: Starmie|Hydro Pump|p1a: Jirachi|[miss]
|-miss|p2a: Starmie|p1a: Jirachi
|move|p1a: Jirachi|Calm Mind|p1a: Jirachi
|-boost|p1a: Jirachi|spa|1
|-boost|p1a: Jirachi|spd|1
|
|-weather|RainDance|[upkeep]
|-heal|p1a: Jirachi|94/100|[from] item: Leftovers
|upkeep
|turn|12
|
|t:|1711931831
|move|p2a: Starmie|Hydro Pump|p1a: Jirachi
|-end|p1a: Jirachi|Substitute
|move|p1a: Jirachi|Thunder|p2a: Starmie
|-supereffective|p2a: Starmie
|-damage|p2a: Starmie|0 fnt
|-enditem|p2a: Starmie|Air Balloon
|faint|p2a: Starmie
|
|-weather|RainDance|[upkeep]
|-heal|p1a: Jirachi|99/100|[from] item: Leftovers
|upkeep
|
|t:|1711931834
|switch|p2a: Garchomp|Garchomp, F|100/100
|turn|13
|
|t:|1711931848
|move|p2a: Garchomp|Swords Dance|p2a: Garchomp
|-boost|p2a: Garchomp|atk|2
|move|p1a: Jirachi|Icy Wind|p2a: Garchomp
|-supereffective|p2a: Garchomp
|-enditem|p2a: Garchomp|Yache Berry|[eat]
|-enditem|p2a: Garchomp|Yache Berry|[weaken]
|-damage|p2a: Garchomp|30/100
|-unboost|p2a: Garchomp|spe|1
|
|-weather|RainDance|[upkeep]
|-heal|p1a: Jirachi|100/100|[from] item: Leftovers
|upkeep
|turn|14
|inactive|wabrit has 120 seconds left.
|
|t:|1711931871
|switch|p2a: Politoed|Politoed, M|100/100
|move|p1a: Jirachi|Icy Wind|p2a: Politoed
|-resisted|p2a: Politoed
|-damage|p2a: Politoed|89/100
|-unboost|p2a: Politoed|spe|1
|
|-weather|RainDance|[upkeep]
|-heal|p2a: Politoed|96/100|[from] item: Leftovers
|upkeep
|turn|15
|
|t:|1711931881
|move|p1a: Jirachi|Thunder|p2a: Politoed
|-supereffective|p2a: Politoed
|-damage|p2a: Politoed|0 fnt
|faint|p2a: Politoed
|
|-weather|RainDance|[upkeep]
|upkeep
|
|t:|1711931885
|switch|p2a: Garchomp|Garchomp, F|30/100
|turn|16
|
|t:|1711931897
|switch|p1a: Tentacruel|Tentacruel, M|100/100
|move|p2a: Garchomp|Earthquake|p1a: Tentacruel
|-supereffective|p1a: Tentacruel
|-damage|p1a: Tentacruel|8/100
|
|-weather|RainDance|[upkeep]
|-heal|p1a: Tentacruel|14/100|[from] ability: Rain Dish
|-heal|p1a: Tentacruel|20/100|[from] item: Black Sludge
|upkeep
|turn|17
|
|t:|1711931905
|move|p2a: Garchomp|Earthquake|p1a: Tentacruel
|-supereffective|p1a: Tentacruel
|-damage|p1a: Tentacruel|0 fnt
|faint|p1a: Tentacruel
|
|-weather|RainDance|[upkeep]
|upkeep
|
|t:|1711931912
|switch|p1a: Starmie|Starmie|100/100
|turn|18
|
|t:|1711931925
|switch|p2a: Ferrothorn|Ferrothorn, F|100/100
|move|p1a: Starmie|Hydro Pump|p2a: Ferrothorn
|-resisted|p2a: Ferrothorn
|-damage|p2a: Ferrothorn|75/100
|
|-weather|RainDance|[upkeep]
|-heal|p2a: Ferrothorn|81/100|[from] item: Leftovers
|upkeep
|turn|19
|
|t:|1711931933
|switch|p1a: Jirachi|Jirachi|100/100
|move|p2a: Ferrothorn|Power Whip|p1a: Jirachi
|-resisted|p1a: Jirachi
|-damage|p1a: Jirachi|80/100
|
|-weather|RainDance|[upkeep]
|-heal|p1a: Jirachi|86/100|[from] item: Leftovers
|-heal|p2a: Ferrothorn|87/100|[from] item: Leftovers
|upkeep
|turn|20
|
|t:|1711931956
|switch|p2a: Latios|Latios, M|100/100
|move|p1a: Jirachi|Substitute|p1a: Jirachi
|-start|p1a: Jirachi|Substitute
|-damage|p1a: Jirachi|61/100
|
|-weather|RainDance|[upkeep]
|-heal|p1a: Jirachi|68/100|[from] item: Leftovers
|upkeep
|turn|21
|
|t:|1711931965
|move|p2a: Latios|Surf|p1a: Jirachi
|-crit|p1a: Jirachi
|-end|p1a: Jirachi|Substitute
|move|p1a: Jirachi|Thunder|p2a: Latios
|-resisted|p2a: Latios
|-damage|p2a: Latios|80/100
|
|-weather|RainDance|[upkeep]
|-heal|p1a: Jirachi|74/100|[from] item: Leftovers
|upkeep
|turn|22
|
|t:|1711931987
|switch|p1a: Starmie|Starmie|100/100
|move|p2a: Latios|Surf|p1a: Starmie
|-resisted|p1a: Starmie
|-crit|p1a: Starmie
|-damage|p1a: Starmie|28/100
|
|-weather|RainDance|[upkeep]
|upkeep
|turn|23
|
|t:|1711931995
|move|p2a: Latios|Surf|p1a: Starmie
|-resisted|p1a: Starmie
|-crit|p1a: Starmie
|-damage|p1a: Starmie|0 fnt
|faint|p1a: Starmie
|
|-weather|RainDance|[upkeep]
|upkeep
|
|t:|1711932002
|switch|p1a: Mamoswine|Mamoswine, F|100/100
|turn|24
|
|t:|1711932017
|move|p1a: Mamoswine|Ice Shard|p2a: Latios
|-supereffective|p2a: Latios
|-crit|p2a: Latios
|-damage|p2a: Latios|0 fnt
|faint|p2a: Latios
|
|-weather|RainDance|[upkeep]
|upkeep
|
|t:|1711932023
|switch|p2a: Ferrothorn|Ferrothorn, F|87/100
|turn|25
|
|t:|1711932033
|switch|p1a: Jirachi|Jirachi|74/100
|move|p2a: Ferrothorn|Power Whip|p1a: Jirachi
|-resisted|p1a: Jirachi
|-damage|p1a: Jirachi|56/100
|
|-weather|RainDance|[upkeep]
|-heal|p1a: Jirachi|63/100|[from] item: Leftovers
|-heal|p2a: Ferrothorn|93/100|[from] item: Leftovers
|upkeep
|turn|26
|
|t:|1711932044
|switch|p2a: Garchomp|Garchomp, F|30/100
|move|p1a: Jirachi|Substitute|p1a: Jirachi
|-start|p1a: Jirachi|Substitute
|-damage|p1a: Jirachi|38/100
|
|-weather|RainDance|[upkeep]
|-heal|p1a: Jirachi|44/100|[from] item: Leftovers
|upkeep
|turn|27
|
|t:|1711932051
|move|p2a: Garchomp|Earthquake|p1a: Jirachi
|-supereffective|p1a: Jirachi
|-end|p1a: Jirachi|Substitute
|move|p1a: Jirachi|Icy Wind|p2a: Garchomp
|-supereffective|p2a: Garchomp
|-damage|p2a: Garchomp|0 fnt
|faint|p2a: Garchomp
|
|-weather|RainDance|[upkeep]
|-heal|p1a: Jirachi|50/100|[from] item: Leftovers
|upkeep
|
|t:|1711932053
|switch|p2a: Ferrothorn|Ferrothorn, F|93/100
|turn|28
|
|t:|1711932061
|move|p1a: Jirachi|Substitute|p1a: Jirachi
|-start|p1a: Jirachi|Substitute
|-damage|p1a: Jirachi|25/100
|move|p2a: Ferrothorn|Gyro Ball|p1a: Jirachi
|-resisted|p1a: Jirachi
|-activate|p1a: Jirachi|Substitute|[damage]
|
|-weather|RainDance|[upkeep]
|-heal|p1a: Jirachi|31/100|[from] item: Leftovers
|-heal|p2a: Ferrothorn|99/100|[from] item: Leftovers
|upkeep
|turn|29
|
|t:|1711932070
|move|p1a: Jirachi|Calm Mind|p1a: Jirachi
|-boost|p1a: Jirachi|spa|1
|-boost|p1a: Jirachi|spd|1
|move|p2a: Ferrothorn|Gyro Ball|p1a: Jirachi
|-resisted|p1a: Jirachi
|-end|p1a: Jirachi|Substitute
|
|-weather|RainDance|[upkeep]
|-heal|p1a: Jirachi|37/100|[from] item: Leftovers
|-heal|p2a: Ferrothorn|100/100|[from] item: Leftovers
|upkeep
|turn|30
|
|t:|1711932084
|move|p1a: Jirachi|Substitute|p1a: Jirachi
|-start|p1a: Jirachi|Substitute
|-damage|p1a: Jirachi|12/100
|move|p2a: Ferrothorn|Gyro Ball|p1a: Jirachi
|-resisted|p1a: Jirachi
|-activate|p1a: Jirachi|Substitute|[damage]
|
|-weather|RainDance|[upkeep]
|-heal|p1a: Jirachi|18/100|[from] item: Leftovers
|upkeep
|turn|31
|
|t:|1711932092
|move|p1a: Jirachi|Thunder|p2a: Ferrothorn
|-resisted|p2a: Ferrothorn
|-crit|p2a: Ferrothorn
|-damage|p2a: Ferrothorn|62/100
|-status|p2a: Ferrothorn|par
|move|p2a: Ferrothorn|Gyro Ball|p1a: Jirachi
|-resisted|p1a: Jirachi
|-end|p1a: Jirachi|Substitute
|
|-weather|RainDance|[upkeep]
|-heal|p1a: Jirachi|25/100|[from] item: Leftovers
|-heal|p2a: Ferrothorn|68/100 par|[from] item: Leftovers
|upkeep
|turn|32
|
|t:|1711932106
|move|p1a: Jirachi|Thunder|p2a: Ferrothorn
|-resisted|p2a: Ferrothorn
|-damage|p2a: Ferrothorn|47/100 par
|cant|p2a: Ferrothorn|par
|
|-weather|RainDance|[upkeep]
|-heal|p1a: Jirachi|31/100|[from] item: Leftovers
|-heal|p2a: Ferrothorn|53/100 par|[from] item: Leftovers
|upkeep
|turn|33
|
|t:|1711932114
|move|p1a: Jirachi|Thunder|p2a: Ferrothorn
|-resisted|p2a: Ferrothorn
|-damage|p2a: Ferrothorn|32/100 par
|move|p2a: Ferrothorn|Gyro Ball|p1a: Jirachi
|-resisted|p1a: Jirachi
|-damage|p1a: Jirachi|9/100
|
|-weather|RainDance|[upkeep]
|-heal|p1a: Jirachi|15/100|[from] item: Leftovers
|-heal|p2a: Ferrothorn|38/100 par|[from] item: Leftovers
|upkeep
|turn|34
|n|!Blossummm|blossummm
|
|t:|1711932126
|move|p1a: Jirachi|Thunder|p2a: Ferrothorn
|-resisted|p2a: Ferrothorn
|-damage|p2a: Ferrothorn|19/100 par
|cant|p2a: Ferrothorn|par
|
|-weather|RainDance|[upkeep]
|-heal|p1a: Jirachi|21/100|[from] item: Leftovers
|-heal|p2a: Ferrothorn|25/100 par|[from] item: Leftovers
|upkeep
|turn|35
|
|t:|1711932135
|move|p1a: Jirachi|Thunder|p2a: Ferrothorn
|-resisted|p2a: Ferrothorn
|-damage|p2a: Ferrothorn|5/100 par
|move|p2a: Ferrothorn|Gyro Ball|p1a: Jirachi
|-resisted|p1a: Jirachi
|-damage|p1a: Jirachi|0 fnt
|faint|p1a: Jirachi
|
|-weather|RainDance|[upkeep]
|-heal|p2a: Ferrothorn|11/100 par|[from] item: Leftovers
|upkeep
|
|t:|1711932143
|switch|p1a: Mamoswine|Mamoswine, F|100/100
|turn|36
|
|t:|1711932148
|move|p1a: Mamoswine|Earthquake|p2a: Ferrothorn
|-damage|p2a: Ferrothorn|0 fnt
|faint|p2a: Ferrothorn
|
|win|wabrit
