{"id":"gen5ou-2093337575","format":"[Gen 5] OU","players":["ElSoto32","Nice Mice"],"log":"|j|\u2606ElSoto32\n|j|\u2606Nice Mice\n|t:|1711941142\n|gametype|singles\n|player|p1|ElSoto32|lucas|1152\n|player|p2|Nice Mice|colress|1275\n|teamsize|p1|6\n|teamsize|p2|6\n|gen|5\n|tier|[Gen 5] OU\n|rated|\n|rule|Species Clause: Limit one of each Pok\u00e9mon\n|rule|OHKO Clause: OHKO moves are banned\n|rule|Moody Clause: Moody is banned\n|rule|Evasion Items Clause: Evasion items are banned\n|rule|Evasion Moves Clause: Evasion moves are banned\n|rule|Endless Battle Clause: Forcing endless battles is banned\n|rule|HP Percentage Mod: HP is shown in percentages\n|rule|Evasion Abilities Clause: Evasion abilities are banned\n|rule|Sleep Moves Clause: Sleep-inducing moves are banned\n|rule|Swagger Clause: Swagger is banned\n|rule|Baton Pass Stat Clause: No Baton Passer may have a way to boost its stats\n|clearpoke\n|poke|p1|Dragonite, M|item\n|poke|p1|Cloyster, F|item\n|poke|p1|Volcarona, M|item\n|poke|p1|Mamoswine, F|item\n|poke|p1|Garchomp, M|item\n|poke|p1|Ferrothorn, F|item\n|poke|p2|Tyranitar, F|item\n|poke|p2|Landorus-Therian, M|item\n|poke|p2|Ferrothorn, F|item\n|poke|p2|Jellicent, M|item\n|poke|p2|Alakazam, F|item\n|poke|p2|Reuniclus, M|item\n|teampreview\n|\n|t:|1711941157\n|start\n|switch|p1a: Volcarona|Volcarona, M, shiny|100\/100\n|switch|p2a: Ground Beef|Landorus-Therian, M|100\/100\n|-ability|p2a: Ground Beef|Intimidate|boost\n|-unboost|p1a: Volcarona|atk|1\n|turn|1\n|\n|t:|1711941170\n|move|p2a: Ground Beef|Stone Edge|p1a: Volcarona\n|-supereffective|p1a: Volcarona\n|-damage|p1a: Volcarona|0 fnt\n|faint|p1a: Volcarona\n|\n|upkeep\n|\n|t:|1711941182\n|switch|p1a: Ferrothorn|Ferrothorn, F, shiny|100\/100\n|turn|2\n|\n|t:|1711941189\n|switch|p2a: Fetus Deletus|Reuniclus, M|100\/100\n|move|p1a: Ferrothorn|Leech Seed|p2a: Fetus Deletus|[miss]\n|-miss|p1a: Ferrothorn|p2a: Fetus Deletus\n|\n|upkeep\n|turn|3\n|\n|t:|1711941197\n|move|p2a: Fetus Deletus|Focus Blast|p1a: Ferrothorn\n|-supereffective|p1a: Ferrothorn\n|-damage|p1a: Ferrothorn|43\/100\n|move|p1a: Ferrothorn|Leech Seed|p2a: Fetus Deletus\n|-start|p2a: Fetus Deletus|move: Leech Seed\n|\n|upkeep\n|turn|4\n|\n|t:|1711941206\n|move|p1a: Ferrothorn|Protect|p1a: Ferrothorn\n|-singleturn|p1a: Ferrothorn|Protect\n|move|p2a: Fetus Deletus|Calm Mind|p2a: Fetus Deletus\n|-boost|p2a: Fetus Deletus|spa|1\n|-boost|p2a: Fetus Deletus|spd|1\n|\n|upkeep\n|turn|5\n|\n|t:|1711941214\n|move|p2a: Fetus Deletus|Focus Blast|p1a: Ferrothorn\n|-supereffective|p1a: Ferrothorn\n|-damage|p1a: Ferrothorn|0 fnt\n|faint|p1a: Ferrothorn\n|\n|upkeep\n|\n|t:|1711941228\n|switch|p1a: Dragonite|Dragonite, M, shiny|100\/100\n|turn|6\n|\n|t:|1711941232\n|move|p1a: Dragonite|Dragon Dance|p1a: Dragonite\n|-boost|p1a: Dragonite|atk|1\n|-boost|p1a: Dragonite|spe|1\n|move|p2a: Fetus Deletus|Psyshock|p1a: Dragonite\n|-damage|p1a: Dragonite|75\/100\n|\n|-heal|p1a: Dragonite|81\/100|[from] item: Leftovers\n|upkeep\n|turn|7\n|\n|t:|1711941247\n|move|p1a: Dragonite|Dragon Claw|p2a: Fetus Deletus\n|-damage|p2a: Fetus Deletus|51\/100\n|move|p2a: Fetus Deletus|Psyshock|p1a: Dragonite\n|-damage|p1a: Dragonite|24\/100\n|\n|-heal|p1a: Dragonite|30\/100|[from] item: Leftovers\n|-heal|p2a: Fetus Deletus|57\/100|[from] item: Leftovers\n|upkeep\n|turn|8\n|\n|t:|1711941257\n|move|p1a: Dragonite|Extreme Speed|p2a: Fetus Deletus\n|-damage|p2a: Fetus Deletus|25\/100\n|move|p2a: Fetus Deletus|Psyshock|p1a: Dragonite\n|-damage|p1a: Dragonite|0 fnt\n|faint|p1a: Dragonite\n|\n|-heal|p2a: Fetus Deletus|32\/100|[from] item: Leftovers\n|upkeep\n|\n|t:|1711941268\n|switch|p1a: Cloyster|Cloyster, F, shiny|100\/100\n|turn|9\n|\n|t:|1711941272\n|move|p1a: Cloyster|Shell Smash|p1a: Cloyster\n|-unboost|p1a: Cloyster|def|1\n|-unboost|p1a: Cloyster|spd|1\n|-boost|p1a: Cloyster|atk|2\n|-boost|p1a: Cloyster|spa|2\n|-boost|p1a: Cloyster|spe|2\n|move|p2a: Fetus Deletus|Focus Blast|p1a: Cloyster\n|-supereffective|p1a: Cloyster\n|-damage|p1a: Cloyster|0 fnt\n|faint|p1a: Cloyster\n|\n|-heal|p2a: Fetus Deletus|38\/100|[from] item: Leftovers\n|upkeep\n|-message|ElSoto32 forfeited.\n|\n|win|Nice Mice\n|raw|ElSoto32's rating: 1152 &rarr; <strong>1135<\/strong><br \/>(-17 for losing)\n|raw|Nice Mice's rating: 1275 &rarr; <strong>1292<\/strong><br \/>(+17 for winning)\n|l|\u2606ElSoto32\n|player|p1|\n","uploadtime":1711941286,"views":0,"formatid":"gen5ou","rating":1135,"private":0,"password":null}