{"id":"gen5ou-2093277819","format":"[Gen 5] OU","players":["Strikeyy","lou2697"],"log":"|j|\u2606Strikeyy\n|j|\u2606lou2697\n|t:|1711933652\n|gametype|singles\n|player|p1|Strikeyy|acetrainer-gen4dp|\n|player|p2|lou2697|ltsurge-gen1rb|\n|teamsize|p1|6\n|teamsize|p2|6\n|gen|5\n|tier|[Gen 5] OU\n|rule|Species Clause: Limit one of each Pok\u00e9mon\n|rule|OHKO Clause: OHKO moves are banned\n|rule|Moody Clause: Moody is banned\n|rule|Evasion Items Clause: Evasion items are banned\n|rule|Evasion Moves Clause: Evasion moves are banned\n|rule|Endless Battle Clause: Forcing endless battles is banned\n|rule|HP Percentage Mod: HP is shown in percentages\n|rule|Evasion Abilities Clause: Evasion abilities are banned\n|rule|Sleep Moves Clause: Sleep-inducing moves are banned\n|rule|Swagger Clause: Swagger is banned\n|rule|Baton Pass Stat Clause: No Baton Passer may have a way to boost its stats\n|clearpoke\n|poke|p1|Haxorus, F|item\n|poke|p1|Jellicent, M|item\n|poke|p1|Excadrill, F|item\n|poke|p1|Houndoom, M|item\n|poke|p1|Jolteon, M|item\n|poke|p1|Swoobat, F|item\n|poke|p2|Dragonite, F|item\n|poke|p2|Blastoise, M|item\n|poke|p2|Snorlax, F|item\n|poke|p2|Terrakion|item\n|poke|p2|Mamoswine, M|item\n|poke|p2|Jirachi|item\n|teampreview\n|c|\u2606Strikeyy|Glhf\n|c|\u2606lou2697|GL Strike\n|\n|t:|1711933693\n|start\n|switch|p1a: Swoobat|Swoobat, F|100\/100\n|switch|p2a: Dragonite|Dragonite, F, shiny|100\/100\n|turn|1\n|\n|t:|1711933712\n|move|p1a: Swoobat|Reflect|p1a: Swoobat\n|-sidestart|p1: Strikeyy|Reflect\n|move|p2a: Dragonite|Dragon Dance|p2a: Dragonite\n|-boost|p2a: Dragonite|atk|1\n|-boost|p2a: Dragonite|spe|1\n|\n|upkeep\n|turn|2\n|\n|t:|1711933726\n|switch|p1a: Jellicent|Jellicent, M|100\/100\n|move|p2a: Dragonite|Dragon Dance|p2a: Dragonite\n|-boost|p2a: Dragonite|atk|1\n|-boost|p2a: Dragonite|spe|1\n|\n|upkeep\n|turn|3\n|\n|t:|1711933758\n|switch|p2a: Blastoise|Blastoise, M|100\/100\n|move|p1a: Jellicent|Ice Beam|p2a: Blastoise\n|-resisted|p2a: Blastoise\n|-damage|p2a: Blastoise|92\/100\n|\n|-heal|p2a: Blastoise|98\/100|[from] item: Leftovers\n|upkeep\n|turn|4\n|\n|t:|1711933776\n|move|p2a: Blastoise|Toxic|p1a: Jellicent\n|-status|p1a: Jellicent|tox\n|move|p1a: Jellicent|Will-O-Wisp|p2a: Blastoise\n|-status|p2a: Blastoise|brn\n|\n|-heal|p2a: Blastoise|100\/100 brn|[from] item: Leftovers\n|-damage|p1a: Jellicent|94\/100 tox|[from] psn\n|-damage|p2a: Blastoise|88\/100 brn|[from] brn\n|upkeep\n|turn|5\n|\n|t:|1711933790\n|move|p2a: Blastoise|Ice Beam|p1a: Jellicent\n|-resisted|p1a: Jellicent\n|-damage|p1a: Jellicent|87\/100 tox\n|move|p1a: Jellicent|Hex|p2a: Blastoise\n|-damage|p2a: Blastoise|62\/100 brn\n|\n|-heal|p2a: Blastoise|68\/100 brn|[from] item: Leftovers\n|-heal|p1a: Jellicent|93\/100 tox|[from] item: Leftovers\n|-damage|p1a: Jellicent|80\/100 tox|[from] psn\n|-damage|p2a: Blastoise|56\/100 brn|[from] brn\n|upkeep\n|turn|6\n|\n|t:|1711933804\n|move|p2a: Blastoise|Ice Beam|p1a: Jellicent\n|-resisted|p1a: Jellicent\n|-damage|p1a: Jellicent|73\/100 tox\n|move|p1a: Jellicent|Will-O-Wisp|p2a: Blastoise\n|-fail|p2a: Blastoise|brn\n|\n|-heal|p2a: Blastoise|62\/100 brn|[from] item: Leftovers\n|-heal|p1a: Jellicent|79\/100 tox|[from] item: Leftovers\n|-damage|p1a: Jellicent|60\/100 tox|[from] psn\n|-damage|p2a: Blastoise|49\/100 brn|[from] brn\n|upkeep\n|turn|7\n|j| qb0nes\n|\n|t:|1711933830\n|move|p2a: Blastoise|Rest|p2a: Blastoise\n|-status|p2a: Blastoise|slp|[from] move: Rest\n|-heal|p2a: Blastoise|100\/100 slp|[silent]\n|move|p1a: Jellicent|Recover|p1a: Jellicent\n|-heal|p1a: Jellicent|100\/100 tox\n|\n|-damage|p1a: Jellicent|76\/100 tox|[from] psn\n|upkeep\n|turn|8\n|j| Whoreganic\n|\n|t:|1711933840\n|switch|p2a: Snorlax|Snorlax, F, shiny|100\/100\n|switch|p1a: Jolteon|Jolteon, M|100\/100\n|\n|-sideend|p1: Strikeyy|Reflect\n|-status|p1a: Jolteon|brn|[from] item: Flame Orb\n|upkeep\n|turn|9\n|\n|t:|1711933884\n|move|p1a: Jolteon|Volt Switch|p2a: Snorlax\n|-damage|p2a: Snorlax|84\/100\n|\n|t:|1711933894\n|switch|p1a: Jellicent|Jellicent, M|76\/100 tox|[from] Volt Switch\n|move|p2a: Snorlax|Body Slam|p1a: Jellicent\n|-immune|p1a: Jellicent\n|\n|-heal|p1a: Jellicent|82\/100 tox|[from] item: Leftovers\n|-heal|p2a: Snorlax|90\/100|[from] item: Leftovers\n|-damage|p1a: Jellicent|76\/100 tox|[from] psn\n|upkeep\n|turn|10\n|j| Hadesofender\n|\n|t:|1711933922\n|move|p1a: Jellicent|Will-O-Wisp|p2a: Snorlax\n|-status|p2a: Snorlax|brn\n|move|p2a: Snorlax|Curse|p2a: Snorlax\n|-unboost|p2a: Snorlax|spe|1\n|-boost|p2a: Snorlax|atk|1\n|-boost|p2a: Snorlax|def|1\n|\n|-heal|p1a: Jellicent|82\/100 tox|[from] item: Leftovers\n|-heal|p2a: Snorlax|96\/100 brn|[from] item: Leftovers\n|-damage|p1a: Jellicent|70\/100 tox|[from] psn\n|-damage|p2a: Snorlax|84\/100 brn|[from] brn\n|upkeep\n|turn|11\n|\n|t:|1711933928\n|move|p1a: Jellicent|Ice Beam|p2a: Snorlax\n|-damage|p2a: Snorlax|75\/100 brn\n|move|p2a: Snorlax|Curse|p2a: Snorlax\n|-unboost|p2a: Snorlax|spe|1\n|-boost|p2a: Snorlax|atk|1\n|-boost|p2a: Snorlax|def|1\n|\n|-heal|p1a: Jellicent|76\/100 tox|[from] item: Leftovers\n|-heal|p2a: Snorlax|81\/100 brn|[from] item: Leftovers\n|-damage|p1a: Jellicent|57\/100 tox|[from] psn\n|-damage|p2a: Snorlax|69\/100 brn|[from] brn\n|upkeep\n|turn|12\n|\n|t:|1711933938\n|move|p1a: Jellicent|Recover|p1a: Jellicent\n|-heal|p1a: Jellicent|100\/100 tox\n|move|p2a: Snorlax|Body Slam|p1a: Jellicent\n|-immune|p1a: Jellicent\n|\n|-heal|p2a: Snorlax|75\/100 brn|[from] item: Leftovers\n|-damage|p1a: Jellicent|76\/100 tox|[from] psn\n|-damage|p2a: Snorlax|63\/100 brn|[from] brn\n|upkeep\n|turn|13\n|\n|t:|1711933977\n|switch|p1a: Haxorus|Haxorus, F|100\/100\n|-ability|p1a: Haxorus|Mold Breaker\n|move|p2a: Snorlax|Curse|p2a: Snorlax\n|-unboost|p2a: Snorlax|spe|1\n|-boost|p2a: Snorlax|atk|1\n|-boost|p2a: Snorlax|def|1\n|\n|-heal|p2a: Snorlax|69\/100 brn|[from] item: Leftovers\n|-damage|p2a: Snorlax|56\/100 brn|[from] brn\n|upkeep\n|turn|14\n|\n|t:|1711934003\n|move|p1a: Haxorus|Brick Break|p2a: Snorlax\n|-supereffective|p2a: Snorlax\n|-damage|p2a: Snorlax|38\/100 brn\n|move|p2a: Snorlax|Body Slam|p1a: Haxorus\n|-damage|p1a: Haxorus|51\/100\n|\n|-heal|p2a: Snorlax|44\/100 brn|[from] item: Leftovers\n|-damage|p2a: Snorlax|31\/100 brn|[from] brn\n|upkeep\n|turn|15\n|\n|t:|1711934013\n|move|p1a: Haxorus|Brick Break|p2a: Snorlax\n|-supereffective|p2a: Snorlax\n|-damage|p2a: Snorlax|12\/100 brn\n|move|p2a: Snorlax|Rest|p2a: Snorlax\n|-status|p2a: Snorlax|slp|[from] move: Rest\n|-heal|p2a: Snorlax|100\/100 slp|[silent]\n|\n|upkeep\n|turn|16\n|\n|t:|1711934025\n|move|p1a: Haxorus|Brick Break|p2a: Snorlax\n|-supereffective|p2a: Snorlax\n|-damage|p2a: Snorlax|82\/100 slp\n|cant|p2a: Snorlax|slp\n|\n|-heal|p2a: Snorlax|88\/100 slp|[from] item: Leftovers\n|upkeep\n|turn|17\n|\n|t:|1711934044\n|switch|p1a: Swoobat|Swoobat, F|100\/100\n|cant|p2a: Snorlax|slp\n|\n|-heal|p2a: Snorlax|94\/100 slp|[from] item: Leftovers\n|upkeep\n|turn|18\n|\n|t:|1711934051\n|move|p1a: Swoobat|Reflect|p1a: Swoobat\n|-sidestart|p1: Strikeyy|Reflect\n|-curestatus|p2a: Snorlax|slp|[msg]\n|move|p2a: Snorlax|Body Slam|p1a: Swoobat\n|-damage|p1a: Swoobat|79\/100\n|\n|-heal|p2a: Snorlax|100\/100|[from] item: Leftovers\n|upkeep\n|turn|19\n|\n|t:|1711934059\n|move|p1a: Swoobat|Calm Mind|p1a: Swoobat\n|-boost|p1a: Swoobat|spa|1\n|-boost|p1a: Swoobat|spd|1\n|move|p2a: Snorlax|Body Slam|p1a: Swoobat\n|-damage|p1a: Swoobat|58\/100\n|-status|p1a: Swoobat|par\n|\n|upkeep\n|turn|20\n|\n|t:|1711934067\n|cant|p1a: Swoobat|par\n|move|p2a: Snorlax|Body Slam|p1a: Swoobat\n|-damage|p1a: Swoobat|34\/100 par\n|\n|upkeep\n|turn|21\n|\n|t:|1711934073\n|move|p1a: Swoobat|Stored Power|p2a: Snorlax\n|-damage|p2a: Snorlax|86\/100\n|move|p2a: Snorlax|Body Slam|p1a: Swoobat\n|-damage|p1a: Swoobat|11\/100 par\n|\n|-heal|p2a: Snorlax|92\/100|[from] item: Leftovers\n|upkeep\n|turn|22\n|\n|t:|1711934077\n|cant|p1a: Swoobat|par\n|move|p2a: Snorlax|Body Slam|p1a: Swoobat\n|-damage|p1a: Swoobat|0 fnt\n|faint|p1a: Swoobat\n|\n|-heal|p2a: Snorlax|98\/100|[from] item: Leftovers\n|upkeep\n|c| Hadesofender|not roost?\n|\n|t:|1711934085\n|switch|p1a: Houndoom|Houndoom, M|100\/100\n|turn|23\n|c| Whoreganic|Why not be simple if you\u2019re calm mind?\n|\n|t:|1711934094\n|move|p1a: Houndoom|Dark Pulse|p2a: Snorlax\n|-damage|p2a: Snorlax|78\/100\n|move|p2a: Snorlax|Earthquake|p1a: Houndoom\n|-supereffective|p1a: Houndoom\n|-damage|p1a: Houndoom|0 fnt\n|faint|p1a: Houndoom\n|\n|-heal|p2a: Snorlax|84\/100|[from] item: Leftovers\n|upkeep\n|c| Hadesofender|unaware for lax ig\n|c|\u2606Strikeyy|Dang im cooked\n|c| Whoreganic|wasn\u2019t exactly saving it lol\n|\n|t:|1711934130\n|switch|p1a: Jolteon|Jolteon, M|100\/100 brn\n|turn|24\n|\n|t:|1711934134\n|move|p1a: Jolteon|Thunder Wave|p2a: Snorlax\n|-status|p2a: Snorlax|par\n|move|p2a: Snorlax|Earthquake|p1a: Jolteon\n|-supereffective|p1a: Jolteon\n|-damage|p1a: Jolteon|13\/100 brn\n|\n|-heal|p2a: Snorlax|90\/100 par|[from] item: Leftovers\n|-damage|p1a: Jolteon|1\/100 brn|[from] brn\n|upkeep\n|turn|25\n|\n|t:|1711934150\n|move|p1a: Jolteon|Discharge|p2a: Snorlax\n|-damage|p2a: Snorlax|73\/100 par\n|move|p2a: Snorlax|Body Slam|p1a: Jolteon\n|-damage|p1a: Jolteon|0 fnt\n|faint|p1a: Jolteon\n|\n|-heal|p2a: Snorlax|79\/100 par|[from] item: Leftovers\n|-sideend|p1: Strikeyy|Reflect\n|upkeep\n|\n|t:|1711934153\n|switch|p1a: Excadrill|Excadrill, F|100\/100\n|-ability|p1a: Excadrill|Mold Breaker\n|turn|26\n|\n|t:|1711934158\n|move|p1a: Excadrill|Iron Defense|p1a: Excadrill\n|-boost|p1a: Excadrill|def|2\n|cant|p2a: Snorlax|par\n|\n|-heal|p2a: Snorlax|85\/100 par|[from] item: Leftovers\n|upkeep\n|turn|27\n|\n|t:|1711934161\n|move|p1a: Excadrill|Iron Defense|p1a: Excadrill\n|-boost|p1a: Excadrill|def|2\n|move|p2a: Snorlax|Earthquake|p1a: Excadrill\n|-supereffective|p1a: Excadrill\n|-damage|p1a: Excadrill|55\/100\n|\n|-heal|p2a: Snorlax|92\/100 par|[from] item: Leftovers\n|upkeep\n|turn|28\n|\n|t:|1711934169\n|move|p1a: Excadrill|Earthquake|p2a: Snorlax\n|-damage|p2a: Snorlax|75\/100 par\n|move|p2a: Snorlax|Earthquake|p1a: Excadrill\n|-supereffective|p1a: Excadrill\n|-damage|p1a: Excadrill|10\/100\n|\n|-heal|p2a: Snorlax|81\/100 par|[from] item: Leftovers\n|upkeep\n|turn|29\n|\n|t:|1711934177\n|move|p1a: Excadrill|Iron Head|p2a: Snorlax\n|-damage|p2a: Snorlax|66\/100 par\n|cant|p2a: Snorlax|flinch\n|\n|-heal|p2a: Snorlax|73\/100 par|[from] item: Leftovers\n|upkeep\n|turn|30\n|\n|t:|1711934184\n|move|p1a: Excadrill|Iron Head|p2a: Snorlax\n|-damage|p2a: Snorlax|57\/100 par\n|cant|p2a: Snorlax|flinch\n|\n|-heal|p2a: Snorlax|63\/100 par|[from] item: Leftovers\n|upkeep\n|turn|31\n|c| Hadesofender|para flinch less go\n|\n|t:|1711934190\n|move|p1a: Excadrill|Iron Head|p2a: Snorlax\n|-damage|p2a: Snorlax|48\/100 par\n|cant|p2a: Snorlax|flinch\n|\n|-heal|p2a: Snorlax|55\/100 par|[from] item: Leftovers\n|upkeep\n|turn|32\n|c|\u2606Strikeyy|W hax\n|\n|t:|1711934201\n|move|p1a: Excadrill|Iron Head|p2a: Snorlax\n|-damage|p2a: Snorlax|41\/100 par\n|cant|p2a: Snorlax|par\n|\n|-heal|p2a: Snorlax|48\/100 par|[from] item: Leftovers\n|upkeep\n|turn|33\n|\n|t:|1711934205\n|move|p1a: Excadrill|Iron Head|p2a: Snorlax\n|-damage|p2a: Snorlax|32\/100 par\n|move|p2a: Snorlax|Rest|p2a: Snorlax\n|-status|p2a: Snorlax|slp|[from] move: Rest\n|-heal|p2a: Snorlax|100\/100 slp|[silent]\n|\n|upkeep\n|turn|34\n|\n|t:|1711934212\n|move|p1a: Excadrill|Iron Defense|p1a: Excadrill\n|-boost|p1a: Excadrill|def|2\n|cant|p2a: Snorlax|slp\n|\n|upkeep\n|turn|35\n|\n|t:|1711934222\n|move|p1a: Excadrill|Iron Head|p2a: Snorlax\n|-damage|p2a: Snorlax|87\/100 slp\n|cant|p2a: Snorlax|slp\n|\n|-heal|p2a: Snorlax|93\/100 slp|[from] item: Leftovers\n|upkeep\n|turn|36\n|\n|t:|1711934230\n|move|p1a: Excadrill|Iron Head|p2a: Snorlax\n|-damage|p2a: Snorlax|80\/100 slp\n|-curestatus|p2a: Snorlax|slp|[msg]\n|move|p2a: Snorlax|Earthquake|p1a: Excadrill\n|-supereffective|p1a: Excadrill\n|-damage|p1a: Excadrill|0 fnt\n|faint|p1a: Excadrill\n|\n|-heal|p2a: Snorlax|86\/100|[from] item: Leftovers\n|upkeep\n|\n|t:|1711934233\n|switch|p1a: Haxorus|Haxorus, F|51\/100\n|-ability|p1a: Haxorus|Mold Breaker\n|turn|37\n|\n|t:|1711934242\n|move|p1a: Haxorus|Brick Break|p2a: Snorlax\n|-supereffective|p2a: Snorlax\n|-damage|p2a: Snorlax|70\/100\n|move|p2a: Snorlax|Body Slam|p1a: Haxorus\n|-damage|p1a: Haxorus|0 fnt\n|faint|p1a: Haxorus\n|\n|-heal|p2a: Snorlax|76\/100|[from] item: Leftovers\n|upkeep\n|\n|t:|1711934244\n|switch|p1a: Jellicent|Jellicent, M|76\/100 tox\n|turn|38\n|\n|t:|1711934251\n|move|p1a: Jellicent|Will-O-Wisp|p2a: Snorlax\n|-status|p2a: Snorlax|brn\n|move|p2a: Snorlax|Earthquake|p1a: Jellicent\n|-damage|p1a: Jellicent|53\/100 tox\n|-start|p2a: Snorlax|Disable|Earthquake|[from] ability: Cursed Body|[of] p1a: Jellicent\n|\n|-heal|p1a: Jellicent|59\/100 tox|[from] item: Leftovers\n|-heal|p2a: Snorlax|83\/100 brn|[from] item: Leftovers\n|-damage|p1a: Jellicent|53\/100 tox|[from] psn\n|-damage|p2a: Snorlax|70\/100 brn|[from] brn\n|upkeep\n|turn|39\n|c|\u2606Strikeyy|Got cooked \ud83d\ude2d\n|\n|t:|1711934264\n|move|p1a: Jellicent|Recover|p1a: Jellicent\n|-heal|p1a: Jellicent|100\/100 tox\n|move|p2a: Snorlax|Rest|p2a: Snorlax\n|-status|p2a: Snorlax|slp|[from] move: Rest\n|-heal|p2a: Snorlax|100\/100 slp|[silent]\n|\n|-damage|p1a: Jellicent|88\/100 tox|[from] psn\n|upkeep\n|turn|40\n|\n|t:|1711934270\n|move|p1a: Jellicent|Ice Beam|p2a: Snorlax\n|-damage|p2a: Snorlax|91\/100 slp\n|cant|p2a: Snorlax|slp\n|\n|-heal|p1a: Jellicent|94\/100 tox|[from] item: Leftovers\n|-heal|p2a: Snorlax|97\/100 slp|[from] item: Leftovers\n|-damage|p1a: Jellicent|76\/100 tox|[from] psn\n|upkeep\n|turn|41\n|c|\u2606lou2697|you can thank Amzser\n|\n|t:|1711934284\n|move|p1a: Jellicent|Ice Beam|p2a: Snorlax\n|-damage|p2a: Snorlax|88\/100 slp\n|cant|p2a: Snorlax|slp\n|\n|-heal|p1a: Jellicent|82\/100 tox|[from] item: Leftovers\n|-heal|p2a: Snorlax|94\/100 slp|[from] item: Leftovers\n|-damage|p1a: Jellicent|57\/100 tox|[from] psn\n|-end|p2a: Snorlax|Disable\n|upkeep\n|turn|42\n|\n|t:|1711934294\n|move|p1a: Jellicent|Ice Beam|p2a: Snorlax\n|-damage|p2a: Snorlax|84\/100 slp\n|-curestatus|p2a: Snorlax|slp|[msg]\n|move|p2a: Snorlax|Earthquake|p1a: Jellicent\n|-damage|p1a: Jellicent|7\/100 tox\n|-start|p2a: Snorlax|Disable|Earthquake|[from] ability: Cursed Body|[of] p1a: Jellicent\n|\n|-heal|p1a: Jellicent|13\/100 tox|[from] item: Leftovers\n|-heal|p2a: Snorlax|90\/100|[from] item: Leftovers\n|-damage|p1a: Jellicent|0 fnt|[from] psn\n|faint|p1a: Jellicent\n|\n|win|lou2697\n|upkeep\n|l| qb0nes\n|c|\u2606Strikeyy|Ggs\n|c|\u2606lou2697|gg\n|l|\u2606Strikeyy\n|player|p1|\n","uploadtime":1711934303,"views":15,"formatid":"gen5ou","rating":null,"private":0,"password":null}