{"id":"gen5ou-2093349473","format":"[Gen 5] OU","players":["CromaZM","n1c0_2704"],"log":"|j|\u2606CromaZM\n|j|\u2606n1c0_2704\n|t:|1711942767\n|gametype|singles\n|player|p1|CromaZM|101|\n|player|p2|n1c0_2704|265|\n|teamsize|p1|6\n|teamsize|p2|6\n|gen|5\n|tier|[Gen 5] OU\n|rule|Species Clause: Limit one of each Pok\u00e9mon\n|rule|OHKO Clause: OHKO moves are banned\n|rule|Moody Clause: Moody is banned\n|rule|Evasion Items Clause: Evasion items are banned\n|rule|Evasion Moves Clause: Evasion moves are banned\n|rule|Endless Battle Clause: Forcing endless battles is banned\n|rule|HP Percentage Mod: HP is shown in percentages\n|rule|Evasion Abilities Clause: Evasion abilities are banned\n|rule|Sleep Moves Clause: Sleep-inducing moves are banned\n|rule|Swagger Clause: Swagger is banned\n|rule|Baton Pass Stat Clause: No Baton Passer may have a way to boost its stats\n|clearpoke\n|poke|p1|Tentacruel, M|item\n|poke|p1|Raichu, M|item\n|poke|p1|Jirachi|item\n|poke|p1|Zangoose, F|item\n|poke|p1|Typhlosion, M|item\n|poke|p1|Wobbuffet, F|item\n|poke|p2|Yanmega, M|item\n|poke|p2|Snorlax, M|item\n|poke|p2|Azumarill, M|item\n|poke|p2|Gliscor, M|item\n|poke|p2|Magnezone|item\n|poke|p2|Tentacruel, M|item\n|teampreview\n|j| Drakunium429\n|\n|t:|1711942786\n|start\n|switch|p1a: Digimon|Jirachi|100\/100\n|switch|p2a: Magnezone|Magnezone|100\/100\n|-item|p2a: Magnezone|Air Balloon\n|turn|1\n|\n|t:|1711942816\n|move|p1a: Digimon|Ice Punch|p2a: Magnezone\n|-resisted|p2a: Magnezone\n|-damage|p2a: Magnezone|91\/100\n|-enditem|p2a: Magnezone|Air Balloon\n|move|p2a: Magnezone|Thunderbolt|p1a: Digimon\n|-damage|p1a: Digimon|43\/100\n|\n|upkeep\n|turn|2\n|\n|t:|1711942830\n|move|p1a: Digimon|Ice Punch|p2a: Magnezone\n|-resisted|p2a: Magnezone\n|-damage|p2a: Magnezone|82\/100\n|move|p2a: Magnezone|Thunderbolt|p1a: Digimon\n|-damage|p1a: Digimon|0 fnt\n|faint|p1a: Digimon\n|\n|upkeep\n|\n|t:|1711942853\n|switch|p1a: Eskuero|Wobbuffet, F|100\/100\n|turn|3\n|\n|t:|1711942870\n|switch|p2a: Gliscor|Gliscor, M|100\/100\n|move|p1a: Eskuero|Mirror Coat||[still]\n|-fail|p1a: Eskuero\n|\n|-status|p2a: Gliscor|tox|[from] item: Toxic Orb\n|upkeep\n|turn|4\n|\n|t:|1711942884\n|move|p2a: Gliscor|Toxic|p1a: Eskuero\n|-status|p1a: Eskuero|tox\n|move|p1a: Eskuero|Encore|p2a: Gliscor\n|-start|p2a: Gliscor|Encore\n|\n|-damage|p1a: Eskuero|94\/100 tox|[from] psn\n|upkeep\n|turn|5\n|\n|t:|1711942910\n|switch|p2a: Yanmega|Yanmega, M|100\/100\n|switch|p1a: Aguja Din\u00e1mica|Zangoose, F|100\/100\n|\n|-status|p1a: Aguja Din\u00e1mica|tox|[from] item: Toxic Orb\n|upkeep\n|turn|6\n|\n|t:|1711942925\n|move|p2a: Yanmega|Bug Buzz|p1a: Aguja Din\u00e1mica\n|-damage|p1a: Aguja Din\u00e1mica|0 fnt\n|faint|p1a: Aguja Din\u00e1mica\n|-damage|p2a: Yanmega|91\/100|[from] item: Life Orb\n|\n|-ability|p2a: Yanmega|Speed Boost|boost\n|-boost|p2a: Yanmega|spe|1\n|upkeep\n|\n|t:|1711942932\n|switch|p1a: Llamarada Moe|Typhlosion, M, shiny|100\/100\n|turn|7\n|\n|t:|1711942944\n|move|p1a: Llamarada Moe|Eruption|p2a: Yanmega\n|-supereffective|p2a: Yanmega\n|-damage|p2a: Yanmega|0 fnt\n|faint|p2a: Yanmega\n|\n|upkeep\n|\n|t:|1711942957\n|switch|p2a: Tentacruel|Tentacruel, M|100\/100\n|turn|8\n|\n|t:|1711942967\n|switch|p1a: Pulpo|Tentacruel, M, shiny|100\/100\n|move|p2a: Tentacruel|Scald|p1a: Pulpo\n|-resisted|p1a: Pulpo\n|-damage|p1a: Pulpo|92\/100\n|\n|-heal|p1a: Pulpo|98\/100|[from] item: Black Sludge\n|upkeep\n|turn|9\n|\n|t:|1711942986\n|switch|p2a: Magnezone|Magnezone|82\/100\n|move|p1a: Pulpo|Toxic Spikes|p2a: Magnezone\n|-sidestart|p2: n1c0_2704|move: Toxic Spikes\n|\n|-heal|p1a: Pulpo|100\/100|[from] item: Black Sludge\n|upkeep\n|turn|10\n|\n|t:|1711942996\n|switch|p1a: Eskuero|Wobbuffet, F|94\/100 tox\n|move|p2a: Magnezone|Thunderbolt|p1a: Eskuero\n|-damage|p1a: Eskuero|54\/100 tox\n|\n|-damage|p1a: Eskuero|48\/100 tox|[from] psn\n|upkeep\n|-enditem|p1a: Eskuero|Sitrus Berry|[eat]\n|-heal|p1a: Eskuero|73\/100 tox|[from] item: Sitrus Berry\n|turn|11\n|\n|t:|1711943008\n|move|p2a: Magnezone|Thunderbolt|p1a: Eskuero\n|-damage|p1a: Eskuero|33\/100 tox\n|move|p1a: Eskuero|Mirror Coat|p2a: Magnezone\n|-damage|p2a: Magnezone|0 fnt\n|faint|p2a: Magnezone\n|\n|-damage|p1a: Eskuero|20\/100 tox|[from] psn\n|upkeep\n|j| Xelax97\n|\n|t:|1711943020\n|switch|p2a: Gliscor|Gliscor, M|100\/100 tox\n|turn|12\n|\n|t:|1711943031\n|move|p2a: Gliscor|Toxic|p1a: Eskuero\n|-fail|p1a: Eskuero|tox\n|move|p1a: Eskuero|Destiny Bond|p1a: Eskuero\n|-singlemove|p1a: Eskuero|Destiny Bond\n|\n|-damage|p1a: Eskuero|2\/100 tox|[from] psn\n|upkeep\n|turn|13\n|\n|t:|1711943042\n|move|p2a: Gliscor|Toxic|p1a: Eskuero\n|-fail|p1a: Eskuero|tox\n|move|p1a: Eskuero|Encore|p2a: Gliscor\n|-start|p2a: Gliscor|Encore\n|\n|-damage|p1a: Eskuero|0 fnt|[from] psn\n|faint|p1a: Eskuero\n|upkeep\n|\n|t:|1711943054\n|switch|p1a: Pulpo|Tentacruel, M, shiny|100\/100\n|turn|14\n|\n|t:|1711943070\n|switch|p2a: Snorlax|Snorlax, M|100\/100\n|move|p1a: Pulpo|Toxic Spikes|p2a: Snorlax\n|-sidestart|p2: n1c0_2704|move: Toxic Spikes\n|\n|upkeep\n|turn|15\n|\n|t:|1711943083\n|switch|p2a: Gliscor|Gliscor, M|100\/100 tox\n|move|p1a: Pulpo|Surf|p2a: Gliscor\n|-supereffective|p2a: Gliscor\n|-damage|p2a: Gliscor|34\/100 tox\n|\n|-heal|p2a: Gliscor|46\/100 tox|[from] ability: Poison Heal\n|upkeep\n|turn|16\n|\n|t:|1711943105\n|move|p2a: Gliscor|Roost|p2a: Gliscor\n|-heal|p2a: Gliscor|96\/100 tox\n|-singleturn|p2a: Gliscor|move: Roost\n|move|p1a: Pulpo|Rest|p1a: Pulpo\n|-fail|p1a: Pulpo|heal\n|\n|-heal|p2a: Gliscor|100\/100 tox|[from] ability: Poison Heal\n|upkeep\n|turn|17\n|\n|t:|1711943115\n|move|p2a: Gliscor|Earthquake|p1a: Pulpo\n|-supereffective|p1a: Pulpo\n|-damage|p1a: Pulpo|21\/100\n|move|p1a: Pulpo|Surf|p2a: Gliscor\n|-supereffective|p2a: Gliscor\n|-damage|p2a: Gliscor|29\/100 tox\n|\n|-heal|p1a: Pulpo|27\/100|[from] item: Black Sludge\n|-heal|p2a: Gliscor|41\/100 tox|[from] ability: Poison Heal\n|upkeep\n|turn|18\n|\n|t:|1711943126\n|move|p2a: Gliscor|Roost|p2a: Gliscor\n|-heal|p2a: Gliscor|91\/100 tox\n|-singleturn|p2a: Gliscor|move: Roost\n|move|p1a: Pulpo|Rest|p1a: Pulpo\n|-status|p1a: Pulpo|slp|[from] move: Rest\n|-heal|p1a: Pulpo|100\/100 slp|[silent]\n|\n|-heal|p2a: Gliscor|100\/100 tox|[from] ability: Poison Heal\n|upkeep\n|turn|19\n|\n|t:|1711943137\n|move|p2a: Gliscor|Earthquake|p1a: Pulpo\n|-supereffective|p1a: Pulpo\n|-damage|p1a: Pulpo|15\/100 slp\n|cant|p1a: Pulpo|slp\n|move|p1a: Pulpo|Sleep Talk|p1a: Pulpo\n|move|p1a: Pulpo|Toxic Spikes||[from]move: Sleep Talk|[still]\n|-fail|p1a: Pulpo\n|\n|-heal|p1a: Pulpo|21\/100 slp|[from] item: Black Sludge\n|upkeep\n|turn|20\n|\n|t:|1711943149\n|move|p2a: Gliscor|Earthquake|p1a: Pulpo\n|-supereffective|p1a: Pulpo\n|-damage|p1a: Pulpo|0 fnt\n|faint|p1a: Pulpo\n|\n|upkeep\n|\n|t:|1711943155\n|switch|p1a: PikachuSaiyan|Raichu, M|100\/100\n|turn|21\n|\n|t:|1711943164\n|move|p1a: PikachuSaiyan|Thunderbolt|p2a: Gliscor\n|-immune|p2a: Gliscor\n|move|p2a: Gliscor|Earthquake|p1a: PikachuSaiyan\n|-supereffective|p1a: PikachuSaiyan\n|-damage|p1a: PikachuSaiyan|0 fnt\n|faint|p1a: PikachuSaiyan\n|\n|upkeep\n|\n|t:|1711943173\n|switch|p1a: Llamarada Moe|Typhlosion, M, shiny|100\/100\n|turn|22\n|\n|t:|1711943180\n|move|p1a: Llamarada Moe|Eruption|p2a: Gliscor\n|-damage|p2a: Gliscor|15\/100 tox\n|move|p2a: Gliscor|Earthquake|p1a: Llamarada Moe\n|-supereffective|p1a: Llamarada Moe\n|-damage|p1a: Llamarada Moe|15\/100\n|\n|-heal|p2a: Gliscor|27\/100 tox|[from] ability: Poison Heal\n|upkeep\n|turn|23\n|\n|t:|1711943194\n|switch|p2a: Tentacruel|Tentacruel, M|100\/100\n|-sideend|p2: n1c0_2704|move: Toxic Spikes|[of] p2a: Tentacruel\n|move|p1a: Llamarada Moe|Eruption|p2a: Tentacruel\n|-resisted|p2a: Tentacruel\n|-damage|p2a: Tentacruel|93\/100\n|\n|-heal|p2a: Tentacruel|99\/100|[from] item: Black Sludge\n|upkeep\n|turn|24\n|\n|t:|1711943205\n|move|p1a: Llamarada Moe|Eruption|p2a: Tentacruel\n|-resisted|p2a: Tentacruel\n|-damage|p2a: Tentacruel|91\/100\n|move|p2a: Tentacruel|Scald|p1a: Llamarada Moe\n|-supereffective|p1a: Llamarada Moe\n|-damage|p1a: Llamarada Moe|0 fnt\n|faint|p1a: Llamarada Moe\n|\n|win|n1c0_2704\n|l|\u2606CromaZM\n|player|p1|\n","uploadtime":1711943213,"views":2,"formatid":"gen5ou","rating":null,"private":0,"password":null}