{"id":"gen6ou-2093348936","format":"[Gen 6] OU","players":["Plurr","TreekyBoy"],"log":"|j|\u2606Plurr\n|j|\u2606TreekyBoy\n|t:|1711942692\n|gametype|singles\n|player|p1|Plurr|2|1000\n|player|p2|TreekyBoy|shauntal|1000\n|teamsize|p1|6\n|teamsize|p2|4\n|gen|6\n|tier|[Gen 6] OU\n|rated|\n|rule|Sleep Clause Mod: Limit one foe put to sleep\n|rule|Species Clause: Limit one of each Pok\u00e9mon\n|rule|OHKO Clause: OHKO moves are banned\n|rule|Moody Clause: Moody is banned\n|rule|Evasion Items Clause: Evasion items are banned\n|rule|Evasion Moves Clause: Evasion moves are banned\n|rule|Endless Battle Clause: Forcing endless battles is banned\n|rule|HP Percentage Mod: HP is shown in percentages\n|rule|Swagger Clause: Swagger is banned\n|clearpoke\n|poke|p1|Venusaur, M|item\n|poke|p1|Typhlosion, M|item\n|poke|p1|Swampert, M|item\n|poke|p1|Infernape, F|item\n|poke|p1|Samurott, M|item\n|poke|p1|Chesnaught, F|item\n|poke|p2|Talonflame, F|item\n|poke|p2|Fletchinder, F|item\n|poke|p2|Fletchling, M|item\n|poke|p2|Excadrill, M|item\n|teampreview\n|inactive|Battle timer is ON: inactive players will automatically lose when time's up. (requested by TreekyBoy)\n|\n|t:|1711942711\n|start\n|switch|p1a: spiky|Chesnaught, F|100\/100\n|switch|p2a: Fletchling|Fletchling, M|100\/100\n|turn|1\n|inactive|TreekyBoy has 120 seconds left.\n|\n|t:|1711942743\n|move|p1a: spiky|Spiky Shield|p1a: spiky\n|-singleturn|p1a: spiky|move: Protect\n|move|p2a: Fletchling|Substitute|p2a: Fletchling\n|-start|p2a: Fletchling|Substitute\n|-damage|p2a: Fletchling|76\/100\n|\n|-heal|p2a: Fletchling|82\/100|[from] item: Leftovers\n|upkeep\n|turn|2\n|\n|t:|1711942751\n|switch|p1a: samurai|Samurott, M|100\/100\n|move|p2a: Fletchling|Toxic|p1a: samurai\n|-status|p1a: samurai|tox\n|\n|-heal|p2a: Fletchling|88\/100|[from] item: Leftovers\n|-damage|p1a: samurai|94\/100 tox|[from] psn\n|upkeep\n|turn|3\n|\n|t:|1711942766\n|move|p2a: Fletchling|Protect|p2a: Fletchling\n|-singleturn|p2a: Fletchling|Protect\n|move|p1a: samurai|Surf|p2a: Fletchling\n|-activate|p2a: Fletchling|move: Protect\n|\n|-heal|p2a: Fletchling|94\/100|[from] item: Leftovers\n|-damage|p1a: samurai|82\/100 tox|[from] psn\n|upkeep\n|turn|4\n|\n|t:|1711942775\n|move|p1a: samurai|Surf|p2a: Fletchling\n|-end|p2a: Fletchling|Substitute\n|move|p2a: Fletchling|Substitute|p2a: Fletchling\n|-start|p2a: Fletchling|Substitute\n|-damage|p2a: Fletchling|69\/100\n|\n|-heal|p2a: Fletchling|75\/100|[from] item: Leftovers\n|-damage|p1a: samurai|63\/100 tox|[from] psn\n|upkeep\n|turn|5\n|\n|t:|1711942783\n|move|p2a: Fletchling|Protect|p2a: Fletchling\n|-singleturn|p2a: Fletchling|Protect\n|move|p1a: samurai|Surf|p2a: Fletchling\n|-activate|p2a: Fletchling|move: Protect\n|\n|-heal|p2a: Fletchling|81\/100|[from] item: Leftovers\n|-damage|p1a: samurai|38\/100 tox|[from] psn\n|upkeep\n|turn|6\n|\n|t:|1711942798\n|move|p1a: samurai|Surf|p2a: Fletchling\n|-end|p2a: Fletchling|Substitute\n|move|p2a: Fletchling|Substitute|p2a: Fletchling\n|-start|p2a: Fletchling|Substitute\n|-damage|p2a: Fletchling|57\/100\n|\n|-heal|p2a: Fletchling|63\/100|[from] item: Leftovers\n|-damage|p1a: samurai|7\/100 tox|[from] psn\n|upkeep\n|turn|7\n|\n|t:|1711942806\n|move|p2a: Fletchling|Protect|p2a: Fletchling\n|-singleturn|p2a: Fletchling|Protect\n|move|p1a: samurai|Surf|p2a: Fletchling\n|-activate|p2a: Fletchling|move: Protect\n|\n|-heal|p2a: Fletchling|69\/100|[from] item: Leftovers\n|-damage|p1a: samurai|0 fnt|[from] psn\n|faint|p1a: samurai\n|upkeep\n|\n|t:|1711942820\n|switch|p1a: Saur|Venusaur, M|100\/100\n|turn|8\n|\n|t:|1711942829\n|move|p2a: Fletchling|Roost|p2a: Fletchling\n|-heal|p2a: Fletchling|100\/100\n|-singleturn|p2a: Fletchling|move: Roost\n|move|p1a: Saur|Venoshock|p2a: Fletchling\n|-end|p2a: Fletchling|Substitute\n|\n|upkeep\n|turn|9\n|\n|t:|1711942838\n|switch|p2a: Talonflame|Talonflame, F|100\/100\n|move|p1a: Saur|Leech Seed|p2a: Talonflame\n|-start|p2a: Talonflame|move: Leech Seed\n|\n|-damage|p2a: Talonflame|88\/100|[from] Leech Seed|[of] p1a: Saur\n|upkeep\n|turn|10\n|\n|t:|1711942860\n|switch|p1a: Phlophlo|Typhlosion, M|100\/100\n|move|p2a: Talonflame|U-turn|p1a: Phlophlo\n|-resisted|p1a: Phlophlo\n|-damage|p1a: Phlophlo|81\/100\n|\n|t:|1711942868\n|switch|p2a: Fletchinder|Fletchinder, F|100\/100|[from] U-turn\n|\n|upkeep\n|turn|11\n|\n|t:|1711942874\n|move|p1a: Phlophlo|Extrasensory|p2a: Fletchinder\n|-damage|p2a: Fletchinder|33\/100\n|move|p2a: Fletchinder|Toxic|p1a: Phlophlo\n|-status|p1a: Phlophlo|tox\n|\n|-heal|p2a: Fletchinder|39\/100|[from] item: Leftovers\n|-damage|p1a: Phlophlo|75\/100 tox|[from] psn\n|upkeep\n|turn|12\n|\n|t:|1711942881\n|move|p2a: Fletchinder|Protect|p2a: Fletchinder\n|-singleturn|p2a: Fletchinder|Protect\n|move|p1a: Phlophlo|Extrasensory|p2a: Fletchinder\n|-activate|p2a: Fletchinder|move: Protect\n|\n|-heal|p2a: Fletchinder|45\/100|[from] item: Leftovers\n|-damage|p1a: Phlophlo|63\/100 tox|[from] psn\n|upkeep\n|turn|13\n|\n|t:|1711942889\n|move|p2a: Fletchinder|Roost|p2a: Fletchinder\n|-heal|p2a: Fletchinder|95\/100\n|-singleturn|p2a: Fletchinder|move: Roost\n|move|p1a: Phlophlo|Extrasensory|p2a: Fletchinder\n|-damage|p2a: Fletchinder|35\/100\n|\n|-heal|p2a: Fletchinder|41\/100|[from] item: Leftovers\n|-damage|p1a: Phlophlo|45\/100 tox|[from] psn\n|upkeep\n|turn|14\n|\n|t:|1711942898\n|move|p2a: Fletchinder|Roost|p2a: Fletchinder\n|-heal|p2a: Fletchinder|92\/100\n|-singleturn|p2a: Fletchinder|move: Roost\n|move|p1a: Phlophlo|Extrasensory|p2a: Fletchinder\n|-damage|p2a: Fletchinder|33\/100\n|\n|-heal|p2a: Fletchinder|39\/100|[from] item: Leftovers\n|-damage|p1a: Phlophlo|21\/100 tox|[from] psn\n|upkeep\n|turn|15\n|\n|t:|1711942907\n|move|p2a: Fletchinder|Protect|p2a: Fletchinder\n|-singleturn|p2a: Fletchinder|Protect\n|move|p1a: Phlophlo|Extrasensory|p2a: Fletchinder\n|-activate|p2a: Fletchinder|move: Protect\n|\n|-heal|p2a: Fletchinder|45\/100|[from] item: Leftovers\n|-damage|p1a: Phlophlo|0 fnt|[from] psn\n|faint|p1a: Phlophlo\n|upkeep\n|\n|t:|1711942918\n|switch|p1a: Saur|Venusaur, M|100\/100\n|turn|16\n|\n|t:|1711942923\n|move|p2a: Fletchinder|Roost|p2a: Fletchinder\n|-heal|p2a: Fletchinder|95\/100\n|-singleturn|p2a: Fletchinder|move: Roost\n|move|p1a: Saur|Venoshock|p2a: Fletchinder\n|-damage|p2a: Fletchinder|53\/100\n|\n|-heal|p2a: Fletchinder|59\/100|[from] item: Leftovers\n|upkeep\n|turn|17\n|\n|t:|1711942933\n|switch|p2a: Talonflame|Talonflame, F|88\/100\n|move|p1a: Saur|Leech Seed|p2a: Talonflame\n|-start|p2a: Talonflame|move: Leech Seed\n|\n|-damage|p2a: Talonflame|76\/100|[from] Leech Seed|[of] p1a: Saur\n|upkeep\n|turn|18\n|\n|t:|1711942939\n|move|p2a: Talonflame|U-turn|p1a: Saur\n|-damage|p1a: Saur|72\/100\n|\n|t:|1711942942\n|switch|p2a: Excadrill|Excadrill, M|100\/100|[from] U-turn\n|move|p1a: Saur|Toxic|p2a: Excadrill\n|-immune|p2a: Excadrill\n|\n|-heal|p1a: Saur|78\/100|[from] item: Leftovers\n|upkeep\n|turn|19\n|\n|t:|1711942951\n|move|p2a: Excadrill|Earthquake|p1a: Saur\n|-damage|p1a: Saur|15\/100\n|move|p1a: Saur|Leech Seed|p2a: Excadrill\n|-start|p2a: Excadrill|move: Leech Seed\n|\n|-heal|p1a: Saur|21\/100|[from] item: Leftovers\n|-damage|p2a: Excadrill|88\/100|[from] Leech Seed|[of] p1a: Saur\n|-heal|p1a: Saur|36\/100|[silent]\n|upkeep\n|turn|20\n|\n|t:|1711942965\n|switch|p1a: spiky|Chesnaught, F|100\/100\n|move|p2a: Excadrill|Rapid Spin|p1a: spiky\n|-damage|p1a: spiky|95\/100\n|-end|p2a: Excadrill|Leech Seed|[from] move: Rapid Spin|[of] p2a: Excadrill\n|\n|-heal|p1a: spiky|100\/100|[from] item: Leftovers\n|upkeep\n|turn|21\n|\n|t:|1711942977\n|switch|p2a: Fletchinder|Fletchinder, F|59\/100\n|move|p1a: spiky|Drain Punch|p2a: Fletchinder\n|-resisted|p2a: Fletchinder\n|-damage|p2a: Fletchinder|44\/100\n|\n|-heal|p2a: Fletchinder|50\/100|[from] item: Leftovers\n|upkeep\n|turn|22\n|\n|t:|1711942986\n|move|p1a: spiky|Spiky Shield|p1a: spiky\n|-singleturn|p1a: spiky|move: Protect\n|move|p2a: Fletchinder|Roost|p2a: Fletchinder\n|-heal|p2a: Fletchinder|99\/100\n|-singleturn|p2a: Fletchinder|move: Roost\n|\n|-heal|p2a: Fletchinder|100\/100|[from] item: Leftovers\n|upkeep\n|turn|23\n|\n|t:|1711943004\n|move|p2a: Fletchinder|Toxic|p1a: spiky\n|-status|p1a: spiky|tox\n|move|p1a: spiky|Drain Punch|p2a: Fletchinder\n|-resisted|p2a: Fletchinder\n|-damage|p2a: Fletchinder|86\/100\n|\n|-heal|p2a: Fletchinder|92\/100|[from] item: Leftovers\n|-damage|p1a: spiky|95\/100 tox|[from] psn\n|upkeep\n|turn|24\n|\n|t:|1711943014\n|switch|p2a: Talonflame|Talonflame, F|76\/100\n|move|p1a: spiky|Wood Hammer|p2a: Talonflame\n|-resisted|p2a: Talonflame\n|-damage|p2a: Talonflame|60\/100\n|-damage|p1a: spiky|90\/100 tox|[from] Recoil\n|\n|-heal|p1a: spiky|96\/100 tox|[from] item: Leftovers\n|-damage|p1a: spiky|84\/100 tox|[from] psn\n|upkeep\n|turn|25\n|\n|t:|1711943032\n|move|p2a: Talonflame|Roost|p2a: Talonflame\n|-heal|p2a: Talonflame|100\/100\n|-singleturn|p2a: Talonflame|move: Roost\n|move|p1a: spiky|Drain Punch|p2a: Talonflame\n|-damage|p2a: Talonflame|59\/100\n|-heal|p1a: spiky|100\/100 tox|[from] drain|[of] p2a: Talonflame\n|\n|-damage|p1a: spiky|83\/100 tox|[from] psn\n|upkeep\n|turn|26\n|\n|t:|1711943053\n|move|p2a: Talonflame|Roost|p2a: Talonflame\n|-heal|p2a: Talonflame|100\/100\n|-singleturn|p2a: Talonflame|move: Roost\n|move|p1a: spiky|Drain Punch|p2a: Talonflame\n|-damage|p2a: Talonflame|55\/100\n|-heal|p1a: spiky|100\/100 tox|[from] drain|[of] p2a: Talonflame\n|\n|-damage|p1a: spiky|77\/100 tox|[from] psn\n|upkeep\n|turn|27\n|\n|t:|1711943062\n|move|p2a: Talonflame|Roost|p2a: Talonflame\n|-heal|p2a: Talonflame|100\/100\n|-singleturn|p2a: Talonflame|move: Roost\n|move|p1a: spiky|Drain Punch|p2a: Talonflame\n|-damage|p2a: Talonflame|60\/100\n|-heal|p1a: spiky|96\/100 tox|[from] drain|[of] p2a: Talonflame\n|\n|-heal|p1a: spiky|100\/100 tox|[from] item: Leftovers\n|-damage|p1a: spiky|71\/100 tox|[from] psn\n|upkeep\n|turn|28\n|\n|t:|1711943074\n|move|p2a: Talonflame|Roost|p2a: Talonflame\n|-heal|p2a: Talonflame|100\/100\n|-singleturn|p2a: Talonflame|move: Roost\n|move|p1a: spiky|Drain Punch|p2a: Talonflame\n|-damage|p2a: Talonflame|61\/100\n|-heal|p1a: spiky|89\/100 tox|[from] drain|[of] p2a: Talonflame\n|\n|-heal|p1a: spiky|95\/100 tox|[from] item: Leftovers\n|-damage|p1a: spiky|59\/100 tox|[from] psn\n|upkeep\n|turn|29\n|\n|t:|1711943085\n|move|p2a: Talonflame|Roost|p2a: Talonflame\n|-heal|p2a: Talonflame|100\/100\n|-singleturn|p2a: Talonflame|move: Roost\n|move|p1a: spiky|Drain Punch|p2a: Talonflame\n|-damage|p2a: Talonflame|56\/100\n|-heal|p1a: spiky|80\/100 tox|[from] drain|[of] p2a: Talonflame\n|\n|-heal|p1a: spiky|86\/100 tox|[from] item: Leftovers\n|-damage|p1a: spiky|44\/100 tox|[from] psn\n|upkeep\n|turn|30\n|\n|t:|1711943096\n|move|p2a: Talonflame|Roost|p2a: Talonflame\n|-heal|p2a: Talonflame|100\/100\n|-singleturn|p2a: Talonflame|move: Roost\n|move|p1a: spiky|Drain Punch|p2a: Talonflame\n|-damage|p2a: Talonflame|62\/100\n|-heal|p1a: spiky|63\/100 tox|[from] drain|[of] p2a: Talonflame\n|\n|-heal|p1a: spiky|69\/100 tox|[from] item: Leftovers\n|-damage|p1a: spiky|21\/100 tox|[from] psn\n|upkeep\n|turn|31\n|\n|t:|1711943114\n|move|p2a: Talonflame|Roost|p2a: Talonflame\n|-heal|p2a: Talonflame|100\/100\n|-singleturn|p2a: Talonflame|move: Roost\n|move|p1a: spiky|Drain Punch|p2a: Talonflame\n|-damage|p2a: Talonflame|60\/100\n|-heal|p1a: spiky|40\/100 tox|[from] drain|[of] p2a: Talonflame\n|\n|-heal|p1a: spiky|46\/100 tox|[from] item: Leftovers\n|-damage|p1a: spiky|0 fnt|[from] psn\n|faint|p1a: spiky\n|upkeep\n|inactive|Plurr has 120 seconds left.\n|\n|t:|1711943132\n|switch|p1a: PLUH|Swampert, M|100\/100\n|turn|32\n|inactive|Plurr has 120 seconds left.\n|\n|t:|1711943141\n|switch|p2a: Fletchling|Fletchling, M|100\/100\n|detailschange|p1a: PLUH|Swampert-Mega, M\n|-mega|p1a: PLUH|Swampert|Swampertite\n|move|p1a: PLUH|Waterfall|p2a: Fletchling\n|-damage|p2a: Fletchling|32\/100\n|\n|-heal|p2a: Fletchling|38\/100|[from] item: Leftovers\n|upkeep\n|turn|33\n|\n|t:|1711943152\n|move|p2a: Fletchling|Protect|p2a: Fletchling\n|-singleturn|p2a: Fletchling|Protect\n|move|p1a: PLUH|Waterfall|p2a: Fletchling\n|-activate|p2a: Fletchling|move: Protect\n|\n|-heal|p2a: Fletchling|44\/100|[from] item: Leftovers\n|upkeep\n|turn|34\n|\n|t:|1711943159\n|move|p2a: Fletchling|Roost|p2a: Fletchling\n|-heal|p2a: Fletchling|94\/100\n|-singleturn|p2a: Fletchling|move: Roost\n|move|p1a: PLUH|Waterfall|p2a: Fletchling\n|-damage|p2a: Fletchling|23\/100\n|\n|-heal|p2a: Fletchling|29\/100|[from] item: Leftovers\n|upkeep\n|turn|35\n|\n|t:|1711943168\n|move|p2a: Fletchling|Protect|p2a: Fletchling\n|-singleturn|p2a: Fletchling|Protect\n|move|p1a: PLUH|Waterfall|p2a: Fletchling\n|-activate|p2a: Fletchling|move: Protect\n|\n|-heal|p2a: Fletchling|35\/100|[from] item: Leftovers\n|upkeep\n|turn|36\n|\n|t:|1711943174\n|move|p2a: Fletchling|Roost|p2a: Fletchling\n|-heal|p2a: Fletchling|85\/100\n|-singleturn|p2a: Fletchling|move: Roost\n|move|p1a: PLUH|Waterfall|p2a: Fletchling\n|-damage|p2a: Fletchling|15\/100\n|\n|-heal|p2a: Fletchling|21\/100|[from] item: Leftovers\n|upkeep\n|turn|37\n|\n|t:|1711943182\n|move|p2a: Fletchling|Protect|p2a: Fletchling\n|-singleturn|p2a: Fletchling|Protect\n|move|p1a: PLUH|Waterfall|p2a: Fletchling\n|-activate|p2a: Fletchling|move: Protect\n|\n|-heal|p2a: Fletchling|27\/100|[from] item: Leftovers\n|upkeep\n|turn|38\n|\n|t:|1711943189\n|move|p2a: Fletchling|Roost|p2a: Fletchling\n|-heal|p2a: Fletchling|77\/100\n|-singleturn|p2a: Fletchling|move: Roost\n|move|p1a: PLUH|Waterfall|p2a: Fletchling\n|-damage|p2a: Fletchling|10\/100\n|\n|-heal|p2a: Fletchling|16\/100|[from] item: Leftovers\n|upkeep\n|turn|39\n|\n|t:|1711943198\n|move|p2a: Fletchling|Protect|p2a: Fletchling\n|-singleturn|p2a: Fletchling|Protect\n|move|p1a: PLUH|Waterfall|p2a: Fletchling\n|-activate|p2a: Fletchling|move: Protect\n|\n|-heal|p2a: Fletchling|22\/100|[from] item: Leftovers\n|upkeep\n|turn|40\n|\n|t:|1711943204\n|move|p2a: Fletchling|Roost|p2a: Fletchling\n|-heal|p2a: Fletchling|72\/100\n|-singleturn|p2a: Fletchling|move: Roost\n|move|p1a: PLUH|Waterfall|p2a: Fletchling\n|-damage|p2a: Fletchling|4\/100\n|\n|-heal|p2a: Fletchling|10\/100|[from] item: Leftovers\n|upkeep\n|turn|41\n|\n|t:|1711943215\n|move|p2a: Fletchling|Protect|p2a: Fletchling\n|-singleturn|p2a: Fletchling|Protect\n|move|p1a: PLUH|Waterfall|p2a: Fletchling\n|-activate|p2a: Fletchling|move: Protect\n|\n|-heal|p2a: Fletchling|16\/100|[from] item: Leftovers\n|upkeep\n|turn|42\n|\n|t:|1711943223\n|move|p2a: Fletchling|Roost|p2a: Fletchling\n|-heal|p2a: Fletchling|66\/100\n|-singleturn|p2a: Fletchling|move: Roost\n|move|p1a: PLUH|Waterfall|p2a: Fletchling\n|-damage|p2a: Fletchling|0 fnt\n|faint|p2a: Fletchling\n|\n|upkeep\n|\n|t:|1711943236\n|switch|p2a: Talonflame|Talonflame, F|60\/100\n|turn|43\n|\n|t:|1711943240\n|move|p2a: Talonflame|Brave Bird|p1a: PLUH\n|-damage|p1a: PLUH|43\/100\n|-damage|p2a: Talonflame|36\/100|[from] Recoil\n|move|p1a: PLUH|Waterfall|p2a: Talonflame\n|-supereffective|p2a: Talonflame\n|-damage|p2a: Talonflame|0 fnt\n|faint|p2a: Talonflame\n|\n|upkeep\n|\n|t:|1711943244\n|switch|p2a: Excadrill|Excadrill, M|88\/100\n|turn|44\n|\n|t:|1711943250\n|move|p2a: Excadrill|Earthquake|p1a: PLUH\n|-damage|p1a: PLUH|0 fnt\n|faint|p1a: PLUH\n|\n|upkeep\n|\n|t:|1711943256\n|switch|p1a: Wukong|Infernape, F|100\/100\n|turn|45\n|\n|t:|1711943274\n|switch|p2a: Fletchinder|Fletchinder, F|92\/100\n|move|p1a: Wukong|Fire Punch|p2a: Fletchinder\n|-resisted|p2a: Fletchinder\n|-damage|p2a: Fletchinder|69\/100\n|\n|-heal|p2a: Fletchinder|75\/100|[from] item: Leftovers\n|upkeep\n|turn|46\n|\n|t:|1711943283\n|move|p1a: Wukong|Fire Punch|p2a: Fletchinder\n|-resisted|p2a: Fletchinder\n|-damage|p2a: Fletchinder|52\/100\n|move|p2a: Fletchinder|Toxic|p1a: Wukong\n|-status|p1a: Wukong|tox\n|\n|-heal|p2a: Fletchinder|58\/100|[from] item: Leftovers\n|-damage|p1a: Wukong|94\/100 tox|[from] psn\n|upkeep\n|turn|47\n|\n|t:|1711943294\n|switch|p1a: Saur|Venusaur, M|36\/100\n|move|p2a: Fletchinder|Roost|p2a: Fletchinder\n|-heal|p2a: Fletchinder|100\/100\n|-singleturn|p2a: Fletchinder|move: Roost\n|\n|-heal|p1a: Saur|42\/100|[from] item: Leftovers\n|upkeep\n|turn|48\n|\n|t:|1711943305\n|switch|p2a: Excadrill|Excadrill, M|88\/100\n|move|p1a: Saur|Leech Seed|p2a: Excadrill\n|-start|p2a: Excadrill|move: Leech Seed\n|\n|-heal|p1a: Saur|48\/100|[from] item: Leftovers\n|-damage|p2a: Excadrill|76\/100|[from] Leech Seed|[of] p1a: Saur\n|-heal|p1a: Saur|63\/100|[silent]\n|upkeep\n|turn|49\n|\n|t:|1711943326\n|move|p2a: Excadrill|Rapid Spin|p1a: Saur\n|-damage|p1a: Saur|54\/100\n|-end|p2a: Excadrill|Leech Seed|[from] move: Rapid Spin|[of] p2a: Excadrill\n|move|p1a: Saur|Synthesis|p1a: Saur\n|-heal|p1a: Saur|100\/100\n|\n|upkeep\n|turn|50\n|\n|t:|1711943333\n|move|p2a: Excadrill|Earthquake|p1a: Saur\n|-damage|p1a: Saur|40\/100\n|move|p1a: Saur|Leech Seed|p2a: Excadrill\n|-start|p2a: Excadrill|move: Leech Seed\n|\n|-heal|p1a: Saur|46\/100|[from] item: Leftovers\n|-damage|p2a: Excadrill|63\/100|[from] Leech Seed|[of] p1a: Saur\n|-heal|p1a: Saur|60\/100|[silent]\n|upkeep\n|turn|51\n|\n|t:|1711943352\n|move|p2a: Excadrill|Earthquake|p1a: Saur\n|-damage|p1a: Saur|2\/100\n|move|p1a: Saur|Synthesis|p1a: Saur\n|-heal|p1a: Saur|52\/100\n|\n|-heal|p1a: Saur|58\/100|[from] item: Leftovers\n|-damage|p2a: Excadrill|51\/100|[from] Leech Seed|[of] p1a: Saur\n|-heal|p1a: Saur|73\/100|[silent]\n|upkeep\n|turn|52\n|\n|t:|1711943363\n|move|p2a: Excadrill|Rapid Spin|p1a: Saur\n|-damage|p1a: Saur|65\/100\n|-end|p2a: Excadrill|Leech Seed|[from] move: Rapid Spin|[of] p2a: Excadrill\n|move|p1a: Saur|Synthesis|p1a: Saur\n|-heal|p1a: Saur|100\/100\n|\n|upkeep\n|turn|53\n|\n|t:|1711943369\n|move|p2a: Excadrill|Earthquake|p1a: Saur\n|-damage|p1a: Saur|44\/100\n|move|p1a: Saur|Leech Seed|p2a: Excadrill\n|-start|p2a: Excadrill|move: Leech Seed\n|\n|-heal|p1a: Saur|50\/100|[from] item: Leftovers\n|-damage|p2a: Excadrill|38\/100|[from] Leech Seed|[of] p1a: Saur\n|-heal|p1a: Saur|64\/100|[silent]\n|upkeep\n|turn|54\n|\n|t:|1711943376\n|move|p2a: Excadrill|Rapid Spin|p1a: Saur\n|-damage|p1a: Saur|56\/100\n|-end|p2a: Excadrill|Leech Seed|[from] move: Rapid Spin|[of] p2a: Excadrill\n|move|p1a: Saur|Synthesis|p1a: Saur\n|-heal|p1a: Saur|100\/100\n|\n|upkeep\n|turn|55\n|\n|t:|1711943382\n|move|p2a: Excadrill|Iron Head|p1a: Saur\n|-damage|p1a: Saur|57\/100\n|cant|p1a: Saur|flinch\n|\n|-heal|p1a: Saur|63\/100|[from] item: Leftovers\n|upkeep\n|turn|56\n|\n|t:|1711943388\n|move|p2a: Excadrill|Earthquake|p1a: Saur\n|-damage|p1a: Saur|4\/100\n|move|p1a: Saur|Leech Seed|p2a: Excadrill\n|-start|p2a: Excadrill|move: Leech Seed\n|\n|-heal|p1a: Saur|10\/100|[from] item: Leftovers\n|-damage|p2a: Excadrill|26\/100|[from] Leech Seed|[of] p1a: Saur\n|-heal|p1a: Saur|25\/100|[silent]\n|upkeep\n|turn|57\n|\n|t:|1711943399\n|switch|p1a: Wukong|Infernape, F|94\/100 tox\n|move|p2a: Excadrill|Earthquake|p1a: Wukong\n|-supereffective|p1a: Wukong\n|-damage|p1a: Wukong|0 fnt\n|faint|p1a: Wukong\n|\n|upkeep\n|\n|t:|1711943406\n|switch|p1a: Saur|Venusaur, M|25\/100\n|turn|58\n|\n|t:|1711943411\n|move|p2a: Excadrill|Earthquake|p1a: Saur\n|-damage|p1a: Saur|0 fnt\n|faint|p1a: Saur\n|\n|win|TreekyBoy\n|raw|Plurr's rating: 1000 &rarr; <strong>1000<\/strong><br \/>(+0 for losing)\n|raw|TreekyBoy's rating: 1000 &rarr; <strong>1040<\/strong><br \/>(+40 for winning)\n|c|\u2606TreekyBoy|i deserve this.\n|l|\u2606Plurr\n|player|p1|\n","uploadtime":1711943418,"views":7,"formatid":"gen6ou","rating":1000,"private":0,"password":null}