|j|☆Redstreak4
|j|☆Flamjingo
|t:|1711940373
|gametype|singles
|player|p1|Redstreak4|scientist-gen4dp|
|player|p2|Flamjingo|fisherman-gen4|
|teamsize|p1|6
|teamsize|p2|6
|gen|6
|tier|[Gen 6] OU
|rule|Sleep Clause Mod: Limit one foe put to sleep
|rule|Species Clause: Limit one of each Pokémon
|rule|OHKO Clause: OHKO moves are banned
|rule|Moody Clause: Moody is banned
|rule|Evasion Items Clause: Evasion items are banned
|rule|Evasion Moves Clause: Evasion moves are banned
|rule|Endless Battle Clause: Forcing endless battles is banned
|rule|HP Percentage Mod: HP is shown in percentages
|rule|Swagger Clause: Swagger is banned
|clearpoke
|poke|p1|Excadrill, F|item
|poke|p1|Hippowdon, M|item
|poke|p1|Gliscor, F|item
|poke|p1|Celebi|item
|poke|p1|Volcarona, F|item
|poke|p1|Cradily, M|item
|poke|p2|Politoed, F|item
|poke|p2|Ludicolo, F|item
|poke|p2|Kabutops, F|item
|poke|p2|Chansey, F|item
|poke|p2|Klefki, F|item
|poke|p2|Clefable, M|item
|teampreview
|j| JamesKolesar
|j| bidoofing ur mom
|j| 5avior7432
|j| Meliryen
|j| fincherfan86
|c|☆Redstreak4|r?
|c| JamesKolesar|good luck folks
|c|☆Flamjingo|r
|c|☆Flamjingo|no luck
|c|☆Flamjingo|luck involves crits
|
|t:|1711940440
|start
|switch|p1a: Hungry Howie|Hippowdon, M|100/100
|switch|p2a: Ludicolo|Ludicolo, F|100/100
|-weather|Sandstorm|[from] ability: Sand Stream|[of] p1a: Hungry Howie
|turn|1
|
|t:|1711940497
|switch|p1a: Freak|Cradily, M|100/100
|move|p2a: Ludicolo|Rain Dance|p2a: Ludicolo
|-weather|RainDance
|
|-weather|RainDance|[upkeep]
|upkeep
|turn|2
|
|t:|1711940523
|switch|p2a: Klefki|Klefki, F|100/100
|move|p1a: Freak|Stealth Rock|p2a: Klefki
|-sidestart|p2: Flamjingo|move: Stealth Rock
|
|-weather|RainDance|[upkeep]
|upkeep
|turn|3
|
|t:|1711940571
|switch|p1a: Exxon Mobil|Excadrill, F|100/100
|move|p2a: Klefki|Light Screen|p2a: Klefki
|-sidestart|p2: Flamjingo|move: Light Screen
|
|-weather|RainDance|[upkeep]
|upkeep
|turn|4
|j| Rileyon
|
|t:|1711940609
|switch|p2a: Ludicolo|Ludicolo, F|100/100
|-damage|p2a: Ludicolo|88/100|[from] Stealth Rock
|move|p1a: Exxon Mobil|Swords Dance|p1a: Exxon Mobil
|-boost|p1a: Exxon Mobil|atk|2
|
|-weather|RainDance|[upkeep]
|upkeep
|turn|5
|
|t:|1711940675
|switch|p1a: Freak|Cradily, M|100/100
|move|p2a: Ludicolo|Hydro Pump|p1a: Freak
|-ability|p1a: Freak|Storm Drain|boost
|-boost|p1a: Freak|spa|1
|
|-weather|none
|upkeep
|turn|6
|
|t:|1711940705
|switch|p2a: Clefable|Clefable, M|100/100
|-damage|p2a: Clefable|88/100|[from] Stealth Rock
|move|p1a: Freak|Giga Drain|p2a: Clefable
|-damage|p2a: Clefable|78/100
|
|-heal|p2a: Clefable|84/100|[from] item: Leftovers
|upkeep
|turn|7
|
|t:|1711940737
|switch|p1a: Hungry Howie|Hippowdon, M|100/100
|-weather|Sandstorm|[from] ability: Sand Stream|[of] p1a: Hungry Howie
|move|p2a: Clefable|Flamethrower|p1a: Hungry Howie
|-damage|p1a: Hungry Howie|83/100
|
|-weather|Sandstorm|[upkeep]
|-damage|p2a: Clefable|78/100|[from] Sandstorm
|-heal|p2a: Clefable|84/100|[from] item: Leftovers
|upkeep
|turn|8
|
|t:|1711940771
|move|p2a: Clefable|Calm Mind|p2a: Clefable
|-boost|p2a: Clefable|spa|1
|-boost|p2a: Clefable|spd|1
|move|p1a: Hungry Howie|Earthquake|p2a: Clefable
|-damage|p2a: Clefable|55/100
|
|-weather|Sandstorm|[upkeep]
|-damage|p2a: Clefable|48/100|[from] Sandstorm
|-heal|p2a: Clefable|55/100|[from] item: Leftovers
|upkeep
|turn|9
|
|t:|1711940801
|move|p2a: Clefable|Wish|p2a: Clefable
|move|p1a: Hungry Howie|Earthquake|p2a: Clefable
|-damage|p2a: Clefable|27/100
|
|-weather|Sandstorm|[upkeep]
|-damage|p2a: Clefable|21/100|[from] Sandstorm
|-heal|p2a: Clefable|27/100|[from] item: Leftovers
|upkeep
|turn|10
|
|t:|1711940831
|switch|p2a: Politoed|Politoed, F|100/100
|-damage|p2a: Politoed|88/100|[from] Stealth Rock
|-weather|RainDance|[from] ability: Drizzle|[of] p2a: Politoed
|switch|p1a: Exxon Mobil|Excadrill, F|100/100
|
|-weather|RainDance|[upkeep]
|-heal|p2a: Politoed|100/100|[from] move: Wish|[wisher] Clefable
|-sideend|p2: Flamjingo|move: Light Screen
|upkeep
|turn|11
|
|t:|1711940881
|switch|p1a: Celery|Celebi|100/100
|move|p2a: Politoed|Power-Up Punch|p1a: Celery
|-resisted|p1a: Celery
|-damage|p1a: Celery|97/100
|-boost|p2a: Politoed|atk|1
|
|-weather|RainDance|[upkeep]
|-heal|p1a: Celery|100/100|[from] item: Leftovers
|upkeep
|turn|12
|
|t:|1711940912
|switch|p2a: Chansey|Chansey, F|100/100
|-damage|p2a: Chansey|88/100|[from] Stealth Rock
|move|p1a: Celery|Giga Drain|p2a: Chansey
|-damage|p2a: Chansey|81/100
|
|-weather|RainDance|[upkeep]
|upkeep
|turn|13
|
|t:|1711940941
|switch|p1a: Uncle Gary|Gliscor, F|100/100
|move|p2a: Chansey|Toxic|p1a: Uncle Gary
|-status|p1a: Uncle Gary|tox
|
|-weather|RainDance|[upkeep]
|upkeep
|turn|14
|
|t:|1711940963
|move|p1a: Uncle Gary|Taunt|p2a: Chansey
|-start|p2a: Chansey|move: Taunt
|cant|p2a: Chansey|move: Taunt|Wish
|
|-weather|RainDance|[upkeep]
|upkeep
|turn|15
|
|t:|1711940981
|switch|p2a: Ludicolo|Ludicolo, F|88/100
|-damage|p2a: Ludicolo|76/100|[from] Stealth Rock
|move|p1a: Uncle Gary|Swords Dance|p1a: Uncle Gary
|-boost|p1a: Uncle Gary|atk|2
|
|-weather|RainDance|[upkeep]
|upkeep
|turn|16
|
|t:|1711941013
|switch|p1a: Freak|Cradily, M|100/100
|move|p2a: Ludicolo|Ice Beam|p1a: Freak
|-supereffective|p1a: Freak
|-damage|p1a: Freak|55/100
|-damage|p2a: Ludicolo|66/100|[from] item: Life Orb
|
|-weather|RainDance|[upkeep]
|-heal|p1a: Freak|61/100|[from] item: Leftovers
|upkeep
|turn|17
|
|t:|1711941059
|move|p2a: Ludicolo|Ice Beam|p1a: Freak
|-supereffective|p1a: Freak
|-damage|p1a: Freak|15/100
|-damage|p2a: Ludicolo|56/100|[from] item: Life Orb
|move|p1a: Freak|Giga Drain|p2a: Ludicolo
|-damage|p2a: Ludicolo|29/100
|-heal|p1a: Freak|25/100|[from] drain|[of] p2a: Ludicolo
|
|-weather|none
|-heal|p1a: Freak|32/100|[from] item: Leftovers
|upkeep
|turn|18
|
|t:|1711941115
|switch|p1a: Exxon Mobil|Excadrill, F|100/100
|move|p2a: Ludicolo|Ice Beam|p1a: Exxon Mobil
|-damage|p1a: Exxon Mobil|52/100
|-damage|p2a: Ludicolo|19/100|[from] item: Life Orb
|
|-heal|p1a: Exxon Mobil|58/100|[from] item: Leftovers
|upkeep
|turn|19
|
|t:|1711941163
|switch|p2a: Politoed|Politoed, F|100/100
|-damage|p2a: Politoed|88/100|[from] Stealth Rock
|-weather|RainDance|[from] ability: Drizzle|[of] p2a: Politoed
|move|p1a: Exxon Mobil|Iron Head|p2a: Politoed
|-resisted|p2a: Politoed
|-damage|p2a: Politoed|66/100
|
|-weather|RainDance|[upkeep]
|-heal|p1a: Exxon Mobil|64/100|[from] item: Leftovers
|upkeep
|turn|20
|
|t:|1711941192
|switch|p1a: Freak|Cradily, M|32/100
|switch|p2a: Chansey|Chansey, F|81/100
|-damage|p2a: Chansey|68/100|[from] Stealth Rock
|
|-weather|RainDance|[upkeep]
|-heal|p1a: Freak|38/100|[from] item: Leftovers
|upkeep
|turn|21
|
|t:|1711941212
|move|p2a: Chansey|Wish|p2a: Chansey
|move|p1a: Freak|Recover|p1a: Freak
|-heal|p1a: Freak|88/100
|
|-weather|RainDance|[upkeep]
|-heal|p1a: Freak|94/100|[from] item: Leftovers
|upkeep
|turn|22
|
|t:|1711941243
|switch|p2a: Clefable|Clefable, M|27/100
|-damage|p2a: Clefable|14/100|[from] Stealth Rock
|move|p1a: Freak|Ancient Power|p2a: Clefable
|-damage|p2a: Clefable|0 fnt
|faint|p2a: Clefable
|
|-weather|RainDance|[upkeep]
|-heal|p1a: Freak|99/100|[from] item: Leftovers
|upkeep
|
|t:|1711941252
|switch|p2a: Kabutops|Kabutops, F|100/100
|-damage|p2a: Kabutops|88/100|[from] Stealth Rock
|turn|23
|
|t:|1711941277
|move|p2a: Kabutops|Superpower|p1a: Freak
|-supereffective|p1a: Freak
|-crit|p1a: Freak
|-damage|p1a: Freak|0 fnt
|-unboost|p2a: Kabutops|atk|1
|-unboost|p2a: Kabutops|def|1
|faint|p1a: Freak
|
|-weather|RainDance|[upkeep]
|upkeep
|
|t:|1711941306
|switch|p1a: Celery|Celebi|100/100
|turn|24
|
|t:|1711941333
|switch|p2a: Chansey|Chansey, F|68/100
|-damage|p2a: Chansey|56/100|[from] Stealth Rock
|move|p1a: Celery|Thunder Wave|p2a: Chansey
|-status|p2a: Chansey|par
|
|-weather|RainDance|[upkeep]
|upkeep
|turn|25
|
|t:|1711941358
|switch|p1a: Hungry Howie|Hippowdon, M|83/100
|-weather|Sandstorm|[from] ability: Sand Stream|[of] p1a: Hungry Howie
|move|p2a: Chansey|Heal Bell|p2a: Chansey
|-activate|p2a: Chansey|move: Heal Bell
|-curestatus|p2a: Chansey|par|[msg]
|
|-weather|Sandstorm|[upkeep]
|-damage|p2a: Chansey|50/100|[from] Sandstorm
|upkeep
|turn|26
|
|t:|1711941399
|switch|p1a: Exxon Mobil|Excadrill, F|64/100
|move|p2a: Chansey|Wish|p2a: Chansey
|
|-weather|Sandstorm|[upkeep]
|-damage|p2a: Chansey|43/100|[from] Sandstorm
|-heal|p1a: Exxon Mobil|71/100|[from] item: Leftovers
|upkeep
|turn|27
|
|t:|1711941423
|move|p1a: Exxon Mobil|Earthquake|p2a: Chansey
|-damage|p2a: Chansey|5/100
|move|p2a: Chansey|Counter|p1a: Exxon Mobil
|-damage|p1a: Exxon Mobil|0 fnt
|faint|p1a: Exxon Mobil
|
|-weather|Sandstorm|[upkeep]
|-damage|p2a: Chansey|0 fnt|[from] Sandstorm
|faint|p2a: Chansey
|upkeep
|
|t:|1711941440
|switch|p1a: Celery|Celebi|100/100
|switch|p2a: Klefki|Klefki, F|100/100
|-damage|p2a: Klefki|95/100|[from] Stealth Rock
|turn|28
|
|t:|1711941473
|switch|p1a: Chlamydia|Volcarona, F|100/100
|move|p2a: Klefki|Toxic|p1a: Chlamydia
|-status|p1a: Chlamydia|tox
|-enditem|p1a: Chlamydia|Lum Berry|[eat]
|-curestatus|p1a: Chlamydia|tox|[msg]
|
|-weather|Sandstorm|[upkeep]
|-damage|p1a: Chlamydia|94/100|[from] Sandstorm
|upkeep
|turn|29
|
|t:|1711941505
|move|p2a: Klefki|Light Screen|p2a: Klefki
|-sidestart|p2: Flamjingo|move: Light Screen
|move|p1a: Chlamydia|Quiver Dance|p1a: Chlamydia
|-boost|p1a: Chlamydia|spa|1
|-boost|p1a: Chlamydia|spd|1
|-boost|p1a: Chlamydia|spe|1
|
|-weather|Sandstorm|[upkeep]
|-damage|p1a: Chlamydia|88/100|[from] Sandstorm
|upkeep
|turn|30
|
|t:|1711941534
|switch|p2a: Politoed|Politoed, F|66/100
|-damage|p2a: Politoed|54/100|[from] Stealth Rock
|-weather|RainDance|[from] ability: Drizzle|[of] p2a: Politoed
|move|p1a: Chlamydia|Quiver Dance|p1a: Chlamydia
|-boost|p1a: Chlamydia|spa|1
|-boost|p1a: Chlamydia|spd|1
|-boost|p1a: Chlamydia|spe|1
|
|-weather|RainDance|[upkeep]
|upkeep
|turn|31
|
|t:|1711941590
|move|p1a: Chlamydia|Giga Drain|p2a: Politoed
|-supereffective|p2a: Politoed
|-damage|p2a: Politoed|9/100
|-heal|p1a: Chlamydia|100/100|[from] drain|[of] p2a: Politoed
|move|p2a: Politoed|Rest|p2a: Politoed
|-status|p2a: Politoed|slp|[from] move: Rest
|-heal|p2a: Politoed|100/100 slp|[silent]
|
|-weather|RainDance|[upkeep]
|upkeep
|turn|32
|
|t:|1711941618
|move|p1a: Chlamydia|Quiver Dance|p1a: Chlamydia
|-boost|p1a: Chlamydia|spa|1
|-boost|p1a: Chlamydia|spd|1
|-boost|p1a: Chlamydia|spe|1
|cant|p2a: Politoed|slp
|move|p2a: Politoed|Sleep Talk|p2a: Politoed
|move|p2a: Politoed|Power-Up Punch|p1a: Chlamydia|[from]move: Sleep Talk
|-resisted|p1a: Chlamydia
|-damage|p1a: Chlamydia|94/100
|-boost|p2a: Politoed|atk|1
|
|-weather|RainDance|[upkeep]
|upkeep
|turn|33
|
|t:|1711941631
|move|p1a: Chlamydia|Giga Drain|p2a: Politoed
|-supereffective|p2a: Politoed
|-damage|p2a: Politoed|37/100 slp
|-heal|p1a: Chlamydia|100/100|[from] drain|[of] p2a: Politoed
|cant|p2a: Politoed|slp
|move|p2a: Politoed|Sleep Talk|p2a: Politoed
|move|p2a: Politoed|Waterfall|p1a: Chlamydia|[from]move: Sleep Talk
|-supereffective|p1a: Chlamydia
|-damage|p1a: Chlamydia|0 fnt
|faint|p1a: Chlamydia
|
|-weather|RainDance|[upkeep]
|upkeep
|
|t:|1711941658
|switch|p1a: Celery|Celebi|100/100
|turn|34
|
|t:|1711941695
|switch|p2a: Ludicolo|Ludicolo, F|19/100
|-damage|p2a: Ludicolo|7/100|[from] Stealth Rock
|move|p1a: Celery|Thunder Wave|p2a: Ludicolo
|-status|p2a: Ludicolo|par
|
|-weather|RainDance|[upkeep]
|upkeep
|turn|35
|
|t:|1711941714
|move|p1a: Celery|Giga Drain|p2a: Ludicolo
|-damage|p2a: Ludicolo|0 fnt
|faint|p2a: Ludicolo
|
|-weather|RainDance|[upkeep]
|upkeep
|
|t:|1711941722
|switch|p2a: Klefki|Klefki, F|95/100
|-damage|p2a: Klefki|89/100|[from] Stealth Rock
|turn|36
|
|t:|1711941744
|switch|p1a: Hungry Howie|Hippowdon, M|83/100
|-weather|Sandstorm|[from] ability: Sand Stream|[of] p1a: Hungry Howie
|move|p2a: Klefki|Toxic|p1a: Hungry Howie|[miss]
|-miss|p2a: Klefki|p1a: Hungry Howie
|
|-weather|Sandstorm|[upkeep]
|-sideend|p2: Flamjingo|move: Light Screen
|upkeep
|turn|37
|
|t:|1711941770
|move|p2a: Klefki|Reflect|p2a: Klefki
|-sidestart|p2: Flamjingo|Reflect
|move|p1a: Hungry Howie|Earthquake|p2a: Klefki
|-supereffective|p2a: Klefki
|-damage|p2a: Klefki|58/100
|
|-weather|Sandstorm|[upkeep]
|upkeep
|turn|38
|
|t:|1711941788
|move|p2a: Klefki|Spikes|p1a: Hungry Howie
|-sidestart|p1: Redstreak4|Spikes
|move|p1a: Hungry Howie|Earthquake|p2a: Klefki
|-supereffective|p2a: Klefki
|-crit|p2a: Klefki
|-damage|p2a: Klefki|0 fnt
|faint|p2a: Klefki
|
|-weather|Sandstorm|[upkeep]
|upkeep
|
|t:|1711941795
|switch|p2a: Politoed|Politoed, F|37/100 slp
|-damage|p2a: Politoed|25/100 slp|[from] Stealth Rock
|-weather|RainDance|[from] ability: Drizzle|[of] p2a: Politoed
|turn|39
|
|t:|1711941831
|-curestatus|p2a: Politoed|slp|[msg]
|move|p2a: Politoed|Waterfall|p1a: Hungry Howie
|-supereffective|p1a: Hungry Howie
|-damage|p1a: Hungry Howie|32/100
|move|p1a: Hungry Howie|Earthquake|p2a: Politoed
|-damage|p2a: Politoed|7/100
|
|-weather|RainDance|[upkeep]
|upkeep
|turn|40
|
|t:|1711941840
|switch|p1a: Celery|Celebi|100/100
|-damage|p1a: Celery|88/100|[from] Spikes
|move|p2a: Politoed|Rest|p2a: Politoed
|-status|p2a: Politoed|slp|[from] move: Rest
|-heal|p2a: Politoed|100/100 slp|[silent]
|
|-weather|RainDance|[upkeep]
|-heal|p1a: Celery|94/100|[from] item: Leftovers
|upkeep
|turn|41
|
|t:|1711941901
|switch|p2a: Kabutops|Kabutops, F|88/100
|-damage|p2a: Kabutops|76/100|[from] Stealth Rock
|move|p1a: Celery|Giga Drain|p2a: Kabutops
|-supereffective|p2a: Kabutops
|-crit|p2a: Kabutops
|-damage|p2a: Kabutops|0 fnt
|-heal|p1a: Celery|100/100|[from] drain|[of] p2a: Kabutops
|faint|p2a: Kabutops
|
|-weather|RainDance|[upkeep]
|upkeep
|
|t:|1711941911
|switch|p2a: Politoed|Politoed, F|100/100 slp
|-damage|p2a: Politoed|88/100 slp|[from] Stealth Rock
|turn|42
|c|☆Flamjingo|James you kinxed it with all these crits
|
|t:|1711941926
|move|p1a: Celery|Giga Drain|p2a: Politoed
|-supereffective|p2a: Politoed
|-damage|p2a: Politoed|41/100 slp
|cant|p2a: Politoed|slp
|move|p2a: Politoed|Sleep Talk|p2a: Politoed
|move|p2a: Politoed|Rest||[from]move: Sleep Talk|[still]
|-fail|p2a: Politoed
|
|-weather|RainDance|[upkeep]
|upkeep
|turn|43
|
|t:|1711941933
|move|p1a: Celery|Giga Drain|p2a: Politoed
|-supereffective|p2a: Politoed
|-damage|p2a: Politoed|0 fnt
|faint|p2a: Politoed
|
|win|Redstreak4
|c|☆Redstreak4|ggs
|c| JamesKolesar|ggs
|c|☆Flamjingo|gg
|c|☆Redstreak4|I am sorry that I used luck
|l| Meliryen
