|j|☆Kretensky
|j|☆NtRiver
|t:|1711944490
|gametype|singles
|player|p1|Kretensky|tuberf|1252
|player|p2|NtRiver|1|1529
|teamsize|p1|6
|teamsize|p2|6
|gen|6
|tier|[Gen 6] OU
|rated|
|rule|Sleep Clause Mod: Limit one foe put to sleep
|rule|Species Clause: Limit one of each Pokémon
|rule|OHKO Clause: OHKO moves are banned
|rule|Moody Clause: Moody is banned
|rule|Evasion Items Clause: Evasion items are banned
|rule|Evasion Moves Clause: Evasion moves are banned
|rule|Endless Battle Clause: Forcing endless battles is banned
|rule|HP Percentage Mod: HP is shown in percentages
|rule|Swagger Clause: Swagger is banned
|clearpoke
|poke|p1|Gliscor, M|item
|poke|p1|Ferrothorn, M|item
|poke|p1|Slowbro, M|item
|poke|p1|Chansey, F|item
|poke|p1|Zapdos|item
|poke|p1|Quagsire, M|item
|poke|p2|Clefable, F|item
|poke|p2|Slowbro, F|item
|poke|p2|Chansey, F|item
|poke|p2|Zapdos|item
|poke|p2|Scizor, F|item
|poke|p2|Gastrodon, F|item
|teampreview
|
|t:|1711944505
|start
|switch|p1a: Iron Mike|Ferrothorn, M, shiny|100/100
|switch|p2a: Slowbro|Slowbro, F|100/100
|turn|1
|inactive|Battle timer is ON: inactive players will automatically lose when time's up. (requested by Kretensky)
|
|t:|1711944531
|switch|p2a: Zapdos|Zapdos|100/100
|-ability|p2a: Zapdos|Pressure
|switch|p1a: I savour your hits|Chansey, F|100/100
|
|upkeep
|turn|2
|
|t:|1711944536
|switch|p2a: Scizor|Scizor, F|100/100
|move|p1a: I savour your hits|Stealth Rock|p2a: Scizor
|-sidestart|p2: NtRiver|move: Stealth Rock
|
|upkeep
|turn|3
|
|t:|1711944540
|switch|p1a: Joe|Gliscor, M, shiny|100/100
|detailschange|p2a: Scizor|Scizor-Mega, F
|-mega|p2a: Scizor|Scizor|Scizorite
|move|p2a: Scizor|Defog|p1a: Joe
|-unboost|p1a: Joe|evasion|1
|-sideend|p2: NtRiver|Stealth Rock|[from] move: Defog|[of] p2a: Scizor
|
|-status|p1a: Joe|tox|[from] item: Toxic Orb
|upkeep
|turn|4
|
|t:|1711944546
|switch|p2a: Slowbro|Slowbro, F|100/100
|move|p1a: Joe|Earthquake|p2a: Slowbro
|-damage|p2a: Slowbro|80/100
|
|upkeep
|turn|5
|
|t:|1711944551
|move|p1a: Joe|Substitute|p1a: Joe
|-start|p1a: Joe|Substitute
|-damage|p1a: Joe|76/100 tox
|move|p2a: Slowbro|Ice Beam|p1a: Joe
|-supereffective|p1a: Joe
|-end|p1a: Joe|Substitute
|
|-heal|p1a: Joe|88/100 tox|[from] ability: Poison Heal
|upkeep
|turn|6
|
|t:|1711944559
|switch|p1a: I savour your hits|Chansey, F|100/100
|switch|p2a: Chansey|Chansey, F|100/100
|
|upkeep
|turn|7
|
|t:|1711944566
|move|p1a: I savour your hits|Seismic Toss|p2a: Chansey
|-damage|p2a: Chansey|86/100
|move|p2a: Chansey|Stealth Rock|p1a: I savour your hits
|-sidestart|p1: Kretensky|move: Stealth Rock
|
|upkeep
|turn|8
|
|t:|1711944574
|switch|p2a: Slowbro|Slowbro, F|100/100
|move|p1a: I savour your hits|Stealth Rock|p2a: Slowbro
|-sidestart|p2: NtRiver|move: Stealth Rock
|
|upkeep
|turn|9
|
|t:|1711944577
|move|p1a: I savour your hits|Toxic|p2a: Slowbro
|-status|p2a: Slowbro|tox
|move|p2a: Slowbro|Scald|p1a: I savour your hits
|-damage|p1a: I savour your hits|92/100
|
|-damage|p2a: Slowbro|94/100 tox|[from] psn
|upkeep
|turn|10
|
|t:|1711944583
|switch|p2a: Gastrodon|Gastrodon, F|100/100
|-damage|p2a: Gastrodon|94/100|[from] Stealth Rock
|move|p1a: I savour your hits|Seismic Toss|p2a: Gastrodon
|-damage|p2a: Gastrodon|71/100
|
|-heal|p2a: Gastrodon|77/100|[from] item: Leftovers
|upkeep
|turn|11
|
|t:|1711944589
|switch|p2a: Scizor|Scizor-Mega, F|100/100
|-damage|p2a: Scizor|88/100|[from] Stealth Rock
|move|p1a: I savour your hits|Seismic Toss|p2a: Scizor
|-damage|p2a: Scizor|59/100
|
|upkeep
|turn|12
|
|t:|1711944599
|switch|p1a: Joe|Gliscor, M, shiny|88/100 tox
|-damage|p1a: Joe|76/100 tox|[from] Stealth Rock
|move|p2a: Scizor|Roost|p2a: Scizor
|-heal|p2a: Scizor|100/100
|-singleturn|p2a: Scizor|move: Roost
|
|-heal|p1a: Joe|88/100 tox|[from] ability: Poison Heal
|upkeep
|turn|13
|
|t:|1711944608
|move|p1a: Joe|Substitute|p1a: Joe
|-start|p1a: Joe|Substitute
|-damage|p1a: Joe|63/100 tox
|move|p2a: Scizor|Defog|p1a: Joe
|-sideend|p1: Kretensky|Stealth Rock|[from] move: Defog|[of] p2a: Scizor
|-sideend|p2: NtRiver|Stealth Rock|[from] move: Defog|[of] p2a: Scizor
|
|-heal|p1a: Joe|76/100 tox|[from] ability: Poison Heal
|upkeep
|turn|14
|
|t:|1711944613
|switch|p2a: Chansey|Chansey, F|86/100
|move|p1a: Joe|Earthquake|p2a: Chansey
|-damage|p2a: Chansey|64/100
|
|-heal|p1a: Joe|88/100 tox|[from] ability: Poison Heal
|upkeep
|turn|15
|
|t:|1711944619
|move|p1a: Joe|Toxic|p2a: Chansey
|-status|p2a: Chansey|tox
|move|p2a: Chansey|Soft-Boiled|p2a: Chansey
|-heal|p2a: Chansey|100/100 tox
|
|-heal|p1a: Joe|100/100 tox|[from] ability: Poison Heal
|-damage|p2a: Chansey|94/100 tox|[from] psn
|upkeep
|turn|16
|
|t:|1711944622
|move|p1a: Joe|Earthquake|p2a: Chansey
|-damage|p2a: Chansey|75/100 tox
|move|p2a: Chansey|Heal Bell|p2a: Chansey
|-activate|p2a: Chansey|move: Heal Bell
|-curestatus|p2a: Chansey|tox|[msg]
|-curestatus|p2: Slowbro|tox|[msg]
|
|upkeep
|turn|17
|
|t:|1711944640
|switch|p1a: Iron Mike|Ferrothorn, M, shiny|100/100
|move|p2a: Chansey|Stealth Rock|p1a: Iron Mike
|-sidestart|p1: Kretensky|move: Stealth Rock
|
|upkeep
|turn|18
|
|t:|1711944646
|switch|p2a: Zapdos|Zapdos|100/100
|-ability|p2a: Zapdos|Pressure
|move|p1a: Iron Mike|Leech Seed|p2a: Zapdos
|-start|p2a: Zapdos|move: Leech Seed
|
|-damage|p2a: Zapdos|88/100|[from] Leech Seed|[of] p1a: Iron Mike
|upkeep
|turn|19
|
|t:|1711944650
|switch|p2a: Scizor|Scizor-Mega, F|100/100
|move|p1a: Iron Mike|Protect||[still]
|-fail|p1a: Iron Mike
|
|upkeep
|turn|20
|
|t:|1711944655
|move|p2a: Scizor|Superpower|p1a: Iron Mike
|-supereffective|p1a: Iron Mike
|-damage|p1a: Iron Mike|38/100
|-unboost|p2a: Scizor|atk|1
|-unboost|p2a: Scizor|def|1
|-damage|p2a: Scizor|88/100|[from] ability: Iron Barbs|[of] p1a: Iron Mike
|move|p1a: Iron Mike|Spikes|p2a: Scizor
|-sidestart|p2: NtRiver|Spikes
|
|-heal|p1a: Iron Mike|44/100|[from] item: Leftovers
|upkeep
|turn|21
|
|t:|1711944666
|switch|p2a: Zapdos|Zapdos|88/100
|-ability|p2a: Zapdos|Pressure
|switch|p1a: Funbro|Slowbro, M|100/100
|-damage|p1a: Funbro|88/100|[from] Stealth Rock
|
|-heal|p2a: Zapdos|94/100|[from] item: Leftovers
|-heal|p1a: Funbro|94/100|[from] item: Leftovers
|upkeep
|turn|22
|
|t:|1711944674
|switch|p1a: Joe|Gliscor, M, shiny|100/100 tox
|-damage|p1a: Joe|88/100 tox|[from] Stealth Rock
|move|p2a: Zapdos|Discharge|p1a: Joe
|-immune|p1a: Joe
|
|-heal|p2a: Zapdos|99/100|[from] item: Leftovers
|-heal|p1a: Joe|100/100 tox|[from] ability: Poison Heal
|upkeep
|turn|23
|
|t:|1711944689
|switch|p2a: Scizor|Scizor-Mega, F|88/100
|-damage|p2a: Scizor|76/100|[from] Spikes
|move|p1a: Joe|Protect||[still]
|-fail|p1a: Joe
|
|upkeep
|turn|24
|
|t:|1711944696
|move|p1a: Joe|Earthquake|p2a: Scizor
|-damage|p2a: Scizor|54/100
|move|p2a: Scizor|Roost|p2a: Scizor
|-heal|p2a: Scizor|100/100
|-singleturn|p2a: Scizor|move: Roost
|
|upkeep
|turn|25
|
|t:|1711944705
|switch|p1a: Quagyu|Quagsire, M|100/100
|-damage|p1a: Quagyu|94/100|[from] Stealth Rock
|move|p2a: Scizor|Bullet Punch|p1a: Quagyu
|-resisted|p1a: Quagyu
|-crit|p1a: Quagyu
|-damage|p1a: Quagyu|78/100
|
|-heal|p1a: Quagyu|85/100|[from] item: Leftovers
|upkeep
|turn|26
|
|t:|1711944714
|switch|p2a: Chansey|Chansey, F|75/100
|-damage|p2a: Chansey|62/100|[from] Spikes
|move|p1a: Quagyu|Scald|p2a: Chansey
|-damage|p2a: Chansey|56/100
|-status|p2a: Chansey|brn
|
|-heal|p1a: Quagyu|91/100|[from] item: Leftovers
|-damage|p2a: Chansey|44/100 brn|[from] brn
|upkeep
|turn|27
|
|t:|1711944720
|move|p2a: Chansey|Soft-Boiled|p2a: Chansey
|-heal|p2a: Chansey|94/100 brn
|move|p1a: Quagyu|Earthquake|p2a: Chansey
|-damage|p2a: Chansey|74/100 brn
|
|-heal|p1a: Quagyu|97/100|[from] item: Leftovers
|-damage|p2a: Chansey|62/100 brn|[from] brn
|upkeep
|turn|28
|
|t:|1711944726
|move|p2a: Chansey|Soft-Boiled|p2a: Chansey
|-heal|p2a: Chansey|100/100 brn
|move|p1a: Quagyu|Earthquake|p2a: Chansey
|-damage|p2a: Chansey|82/100 brn
|
|-heal|p1a: Quagyu|100/100|[from] item: Leftovers
|-damage|p2a: Chansey|69/100 brn|[from] brn
|upkeep
|turn|29
|
|t:|1711944745
|move|p2a: Chansey|Soft-Boiled|p2a: Chansey
|-heal|p2a: Chansey|100/100 brn
|move|p1a: Quagyu|Toxic||[still]
|-fail|p1a: Quagyu
|
|-damage|p2a: Chansey|88/100 brn|[from] brn
|upkeep
|turn|30
|
|t:|1711944754
|-curestatus|p2a: Chansey|brn|[from] ability: Natural Cure
|switch|p2a: Slowbro|Slowbro, F|100/100
|-damage|p2a: Slowbro|88/100|[from] Spikes
|move|p1a: Quagyu|Scald|p2a: Slowbro
|-resisted|p2a: Slowbro
|-damage|p2a: Slowbro|79/100
|-status|p2a: Slowbro|brn
|
|-damage|p2a: Slowbro|66/100 brn|[from] brn
|upkeep
|turn|31
|
|t:|1711944766
|switch|p1a: TGI Fridays|Zapdos|100/100
|-damage|p1a: TGI Fridays|75/100|[from] Stealth Rock
|-ability|p1a: TGI Fridays|Pressure
|move|p2a: Slowbro|Scald|p1a: TGI Fridays
|-crit|p1a: TGI Fridays
|-damage|p1a: TGI Fridays|35/100
|
|-heal|p1a: TGI Fridays|41/100|[from] item: Leftovers
|-damage|p2a: Slowbro|54/100 brn|[from] brn
|upkeep
|turn|32
|
|t:|1711944773
|switch|p2a: Gastrodon|Gastrodon, F|77/100
|-damage|p2a: Gastrodon|64/100|[from] Spikes
|move|p1a: TGI Fridays|Heat Wave|p2a: Gastrodon|[miss]
|-miss|p1a: TGI Fridays|p2a: Gastrodon
|
|-heal|p1a: TGI Fridays|47/100|[from] item: Leftovers
|-heal|p2a: Gastrodon|71/100|[from] item: Leftovers
|upkeep
|turn|33
|
|t:|1711944780
|move|p1a: TGI Fridays|Roost|p1a: TGI Fridays
|-heal|p1a: TGI Fridays|97/100
|-singleturn|p1a: TGI Fridays|move: Roost
|move|p2a: Gastrodon|Recover|p2a: Gastrodon
|-heal|p2a: Gastrodon|100/100
|
|-heal|p1a: TGI Fridays|100/100|[from] item: Leftovers
|upkeep
|turn|34
|
|t:|1711944786
|move|p1a: TGI Fridays|Defog|p2a: Gastrodon
|-unboost|p2a: Gastrodon|evasion|1
|-sideend|p2: NtRiver|Spikes|[from] move: Defog|[of] p1a: TGI Fridays
|-sideend|p1: Kretensky|Stealth Rock|[from] move: Defog|[of] p1a: TGI Fridays
|move|p2a: Gastrodon|Toxic|p1a: TGI Fridays
|-status|p1a: TGI Fridays|tox
|
|-damage|p1a: TGI Fridays|94/100 tox|[from] psn
|upkeep
|turn|35
|
|t:|1711944790
|switch|p1a: I savour your hits|Chansey, F|92/100
|switch|p2a: Slowbro|Slowbro, F|87/100 brn
|
|-damage|p2a: Slowbro|75/100 brn|[from] brn
|upkeep
|turn|36
|
|t:|1711944798
|switch|p2a: Scizor|Scizor-Mega, F|100/100
|move|p1a: I savour your hits|Stealth Rock|p2a: Scizor
|-sidestart|p2: NtRiver|move: Stealth Rock
|
|upkeep
|turn|37
|
|t:|1711944806
|switch|p1a: TGI Fridays|Zapdos|94/100 tox
|-ability|p1a: TGI Fridays|Pressure
|move|p2a: Scizor|Defog|p1a: TGI Fridays
|-unboost|p1a: TGI Fridays|evasion|1
|-sideend|p2: NtRiver|Stealth Rock|[from] move: Defog|[of] p2a: Scizor
|
|-heal|p1a: TGI Fridays|100/100 tox|[from] item: Leftovers
|-damage|p1a: TGI Fridays|94/100 tox|[from] psn
|upkeep
|turn|38
|
|t:|1711944815
|switch|p1a: Iron Mike|Ferrothorn, M, shiny|44/100
|switch|p2a: Gastrodon|Gastrodon, F|100/100
|
|-heal|p1a: Iron Mike|50/100|[from] item: Leftovers
|upkeep
|turn|39
|
|t:|1711944821
|move|p2a: Gastrodon|Scald|p1a: Iron Mike
|-resisted|p1a: Iron Mike
|-damage|p1a: Iron Mike|41/100
|move|p1a: Iron Mike|Leech Seed|p2a: Gastrodon
|-start|p2a: Gastrodon|move: Leech Seed
|
|-heal|p1a: Iron Mike|47/100|[from] item: Leftovers
|-damage|p2a: Gastrodon|88/100|[from] Leech Seed|[of] p1a: Iron Mike
|-heal|p1a: Iron Mike|62/100|[silent]
|upkeep
|turn|40
|
|t:|1711944827
|switch|p2a: Zapdos|Zapdos|99/100
|-ability|p2a: Zapdos|Pressure
|move|p1a: Iron Mike|Leech Seed|p2a: Zapdos
|-start|p2a: Zapdos|move: Leech Seed
|
|-heal|p2a: Zapdos|100/100|[from] item: Leftovers
|-heal|p1a: Iron Mike|68/100|[from] item: Leftovers
|-damage|p2a: Zapdos|88/100|[from] Leech Seed|[of] p1a: Iron Mike
|-heal|p1a: Iron Mike|81/100|[silent]
|upkeep
|turn|41
|
|t:|1711944832
|switch|p2a: Scizor|Scizor-Mega, F|100/100
|switch|p1a: I savour your hits|Chansey, F|92/100
|
|upkeep
|turn|42
|
|t:|1711944838
|switch|p2a: Chansey|Chansey, F|88/100
|switch|p1a: TGI Fridays|Zapdos|94/100 tox
|-ability|p1a: TGI Fridays|Pressure
|
|-heal|p1a: TGI Fridays|100/100 tox|[from] item: Leftovers
|-damage|p1a: TGI Fridays|94/100 tox|[from] psn
|upkeep
|turn|43
|
|t:|1711944843
|move|p1a: TGI Fridays|Thunderbolt|p2a: Chansey
|-damage|p2a: Chansey|76/100
|move|p2a: Chansey|Stealth Rock|p1a: TGI Fridays
|-sidestart|p1: Kretensky|move: Stealth Rock
|
|-heal|p1a: TGI Fridays|100/100 tox|[from] item: Leftovers
|-damage|p1a: TGI Fridays|88/100 tox|[from] psn
|upkeep
|turn|44
|
|t:|1711944849
|switch|p1a: I savour your hits|Chansey, F|92/100
|-damage|p1a: I savour your hits|80/100|[from] Stealth Rock
|move|p2a: Chansey|Heal Bell|p2a: Chansey
|-activate|p2a: Chansey|move: Heal Bell
|-curestatus|p2: Slowbro|brn|[msg]
|
|upkeep
|turn|45
|
|t:|1711944857
|switch|p2a: Zapdos|Zapdos|88/100
|-ability|p2a: Zapdos|Pressure
|move|p1a: I savour your hits|Stealth Rock|p2a: Zapdos
|-sidestart|p2: NtRiver|move: Stealth Rock
|
|-heal|p2a: Zapdos|94/100|[from] item: Leftovers
|upkeep
|turn|46
|
|t:|1711944861
|move|p2a: Zapdos|Defog|p1a: I savour your hits
|-unboost|p1a: I savour your hits|evasion|1
|-sideend|p1: Kretensky|Stealth Rock|[from] move: Defog|[of] p2a: Zapdos
|-sideend|p2: NtRiver|Stealth Rock|[from] move: Defog|[of] p2a: Zapdos
|move|p1a: I savour your hits|Toxic|p2a: Zapdos
|-status|p2a: Zapdos|tox
|
|-heal|p2a: Zapdos|99/100 tox|[from] item: Leftovers
|-damage|p2a: Zapdos|94/100 tox|[from] psn
|upkeep
|turn|47
|
|t:|1711944866
|switch|p2a: Scizor|Scizor-Mega, F|100/100
|move|p1a: I savour your hits|Stealth Rock|p2a: Scizor
|-sidestart|p2: NtRiver|move: Stealth Rock
|
|upkeep
|turn|48
|
|t:|1711944871
|switch|p1a: Funbro|Slowbro, M|100/100
|move|p2a: Scizor|Defog|p1a: Funbro
|-unboost|p1a: Funbro|evasion|1
|-sideend|p2: NtRiver|Stealth Rock|[from] move: Defog|[of] p2a: Scizor
|
|upkeep
|turn|49
|
|t:|1711944878
|switch|p2a: Gastrodon|Gastrodon, F|88/100
|move|p1a: Funbro|Scald|p2a: Gastrodon
|-ability|p2a: Gastrodon|Storm Drain|boost
|-boost|p2a: Gastrodon|spa|1
|
|-heal|p2a: Gastrodon|94/100|[from] item: Leftovers
|upkeep
|turn|50
|
|t:|1711944881
|move|p2a: Gastrodon|Scald|p1a: Funbro
|-resisted|p1a: Funbro
|-damage|p1a: Funbro|79/100
|-status|p1a: Funbro|brn
|move|p1a: Funbro|Toxic|p2a: Gastrodon
|-status|p2a: Gastrodon|tox
|
|-heal|p2a: Gastrodon|99/100 tox|[from] item: Leftovers
|-heal|p1a: Funbro|86/100 brn|[from] item: Leftovers
|-damage|p2a: Gastrodon|94/100 tox|[from] psn
|-damage|p1a: Funbro|73/100 brn|[from] brn
|upkeep
|turn|51
|
|t:|1711944901
|switch|p2a: Clefable|Clefable, F|100/100
|move|p1a: Funbro|Slack Off|p1a: Funbro
|-heal|p1a: Funbro|100/100 brn
|
|-damage|p1a: Funbro|88/100 brn|[from] brn
|upkeep
|turn|52
|
|t:|1711944910
|switch|p2a: Chansey|Chansey, F|76/100
|move|p1a: Funbro|Toxic|p2a: Chansey
|-status|p2a: Chansey|tox
|
|-heal|p1a: Funbro|94/100 brn|[from] item: Leftovers
|-damage|p2a: Chansey|70/100 tox|[from] psn
|-damage|p1a: Funbro|82/100 brn|[from] brn
|upkeep
|turn|53
|
|t:|1711944916
|switch|p1a: I savour your hits|Chansey, F|80/100
|move|p2a: Chansey|Soft-Boiled|p2a: Chansey
|-heal|p2a: Chansey|100/100 tox
|
|-damage|p2a: Chansey|88/100 tox|[from] psn
|upkeep
|turn|54
|
|t:|1711944920
|-curestatus|p2a: Chansey|tox|[from] ability: Natural Cure
|switch|p2a: Zapdos|Zapdos|94/100 tox
|-ability|p2a: Zapdos|Pressure
|move|p1a: I savour your hits|Stealth Rock|p2a: Zapdos
|-sidestart|p2: NtRiver|move: Stealth Rock
|
|-heal|p2a: Zapdos|99/100 tox|[from] item: Leftovers
|-damage|p2a: Zapdos|94/100 tox|[from] psn
|upkeep
|turn|55
|
|t:|1711944924
|move|p2a: Zapdos|Roost|p2a: Zapdos
|-heal|p2a: Zapdos|100/100 tox
|-singleturn|p2a: Zapdos|move: Roost
|move|p1a: I savour your hits|Seismic Toss|p2a: Zapdos
|-damage|p2a: Zapdos|73/100 tox
|
|-heal|p2a: Zapdos|79/100 tox|[from] item: Leftovers
|-damage|p2a: Zapdos|67/100 tox|[from] psn
|upkeep
|turn|56
|
|t:|1711944931
|move|p2a: Zapdos|Defog|p1a: I savour your hits
|-unboost|p1a: I savour your hits|evasion|1
|-sideend|p2: NtRiver|Stealth Rock|[from] move: Defog|[of] p2a: Zapdos
|move|p1a: I savour your hits|Seismic Toss|p2a: Zapdos
|-damage|p2a: Zapdos|40/100 tox
|
|-heal|p2a: Zapdos|46/100 tox|[from] item: Leftovers
|-damage|p2a: Zapdos|28/100 tox|[from] psn
|upkeep
|turn|57
|
|t:|1711944938
|switch|p2a: Scizor|Scizor-Mega, F|100/100
|move|p1a: I savour your hits|Stealth Rock|p2a: Scizor
|-sidestart|p2: NtRiver|move: Stealth Rock
|
|upkeep
|turn|58
|
|t:|1711944942
|switch|p1a: Joe|Gliscor, M, shiny|100/100 tox
|move|p2a: Scizor|Defog|p1a: Joe
|-unboost|p1a: Joe|evasion|1
|-sideend|p2: NtRiver|Stealth Rock|[from] move: Defog|[of] p2a: Scizor
|
|upkeep
|turn|59
|
|t:|1711944947
|switch|p1a: Funbro|Slowbro, M|100/100 brn
|switch|p2a: Zapdos|Zapdos|28/100 tox
|-ability|p2a: Zapdos|Pressure
|
|-heal|p2a: Zapdos|34/100 tox|[from] item: Leftovers
|-damage|p2a: Zapdos|28/100 tox|[from] psn
|-damage|p1a: Funbro|88/100 brn|[from] brn
|upkeep
|turn|60
|
|t:|1711944951
|move|p2a: Zapdos|Roost|p2a: Zapdos
|-heal|p2a: Zapdos|78/100 tox
|-singleturn|p2a: Zapdos|move: Roost
|move|p1a: Funbro|Scald|p2a: Zapdos
|-damage|p2a: Zapdos|50/100 tox
|
|-heal|p2a: Zapdos|56/100 tox|[from] item: Leftovers
|-heal|p1a: Funbro|94/100 brn|[from] item: Leftovers
|-damage|p2a: Zapdos|44/100 tox|[from] psn
|-damage|p1a: Funbro|82/100 brn|[from] brn
|upkeep
|turn|61
|
|t:|1711944960
|switch|p1a: Quagyu|Quagsire, M|100/100
|move|p2a: Zapdos|Roost|p2a: Zapdos
|-heal|p2a: Zapdos|95/100 tox
|-singleturn|p2a: Zapdos|move: Roost
|
|-heal|p2a: Zapdos|100/100 tox|[from] item: Leftovers
|-damage|p2a: Zapdos|83/100 tox|[from] psn
|upkeep
|turn|62
|
|t:|1711944968
|switch|p2a: Gastrodon|Gastrodon, F|94/100 tox
|move|p1a: Quagyu|Scald|p2a: Gastrodon
|-ability|p2a: Gastrodon|Storm Drain|boost
|-boost|p2a: Gastrodon|spa|1
|
|-heal|p2a: Gastrodon|99/100 tox|[from] item: Leftovers
|-damage|p2a: Gastrodon|94/100 tox|[from] psn
|upkeep
|turn|63
|
|t:|1711944971
|move|p2a: Gastrodon|Scald|p1a: Quagyu
|-damage|p1a: Quagyu|68/100
|move|p1a: Quagyu|Earthquake|p2a: Gastrodon
|-damage|p2a: Gastrodon|66/100 tox
|
|-heal|p2a: Gastrodon|72/100 tox|[from] item: Leftovers
|-heal|p1a: Quagyu|74/100|[from] item: Leftovers
|-damage|p2a: Gastrodon|60/100 tox|[from] psn
|upkeep
|turn|64
|
|t:|1711944982
|switch|p2a: Chansey|Chansey, F|88/100
|switch|p1a: I savour your hits|Chansey, F|80/100
|
|upkeep
|turn|65
|
|t:|1711944986
|move|p1a: I savour your hits|Toxic|p2a: Chansey
|-status|p2a: Chansey|tox
|move|p2a: Chansey|Heal Bell|p2a: Chansey
|-activate|p2a: Chansey|move: Heal Bell
|-curestatus|p2a: Chansey|tox|[msg]
|-curestatus|p2: Zapdos|tox|[msg]
|-curestatus|p2: Gastrodon|tox|[msg]
|
|upkeep
|turn|66
|
|t:|1711944995
|switch|p2a: Zapdos|Zapdos|83/100
|-ability|p2a: Zapdos|Pressure
|move|p1a: I savour your hits|Stealth Rock|p2a: Zapdos
|-sidestart|p2: NtRiver|move: Stealth Rock
|
|-heal|p2a: Zapdos|89/100|[from] item: Leftovers
|upkeep
|turn|67
|
|t:|1711944998
|move|p2a: Zapdos|Defog|p1a: I savour your hits
|-unboost|p1a: I savour your hits|evasion|1
|-sideend|p2: NtRiver|Stealth Rock|[from] move: Defog|[of] p2a: Zapdos
|move|p1a: I savour your hits|Toxic|p2a: Zapdos
|-status|p2a: Zapdos|tox
|
|-heal|p2a: Zapdos|95/100 tox|[from] item: Leftovers
|-damage|p2a: Zapdos|89/100 tox|[from] psn
|upkeep
|turn|68
|
|t:|1711945001
|switch|p2a: Scizor|Scizor-Mega, F|100/100
|move|p1a: I savour your hits|Seismic Toss|p2a: Scizor
|-damage|p2a: Scizor|71/100
|
|upkeep
|turn|69
|
|t:|1711945006
|move|p2a: Scizor|Roost|p2a: Scizor
|-heal|p2a: Scizor|100/100
|-singleturn|p2a: Scizor|move: Roost
|move|p1a: I savour your hits|Stealth Rock|p2a: Scizor
|-sidestart|p2: NtRiver|move: Stealth Rock
|
|upkeep
|turn|70
|
|t:|1711945013
|switch|p1a: Funbro|Slowbro, M|100/100 brn
|move|p2a: Scizor|Defog|p1a: Funbro
|-unboost|p1a: Funbro|evasion|1
|-sideend|p2: NtRiver|Stealth Rock|[from] move: Defog|[of] p2a: Scizor
|
|-damage|p1a: Funbro|88/100 brn|[from] brn
|upkeep
|turn|71
|
|t:|1711945021
|switch|p2a: Gastrodon|Gastrodon, F|60/100
|move|p1a: Funbro|Scald|p2a: Gastrodon
|-ability|p2a: Gastrodon|Storm Drain|boost
|-boost|p2a: Gastrodon|spa|1
|
|-heal|p2a: Gastrodon|66/100|[from] item: Leftovers
|-heal|p1a: Funbro|94/100 brn|[from] item: Leftovers
|-damage|p1a: Funbro|82/100 brn|[from] brn
|upkeep
|turn|72
|
|t:|1711945027
|switch|p2a: Scizor|Scizor-Mega, F|100/100
|move|p1a: Funbro|Toxic|p2a: Scizor
|-immune|p2a: Scizor
|
|-heal|p1a: Funbro|88/100 brn|[from] item: Leftovers
|-damage|p1a: Funbro|75/100 brn|[from] brn
|upkeep
|turn|73
|
|t:|1711945032
|switch|p2a: Gastrodon|Gastrodon, F|66/100
|move|p1a: Funbro|Toxic|p2a: Gastrodon
|-status|p2a: Gastrodon|tox
|
|-heal|p2a: Gastrodon|72/100 tox|[from] item: Leftovers
|-heal|p1a: Funbro|81/100 brn|[from] item: Leftovers
|-damage|p2a: Gastrodon|66/100 tox|[from] psn
|-damage|p1a: Funbro|69/100 brn|[from] brn
|upkeep
|turn|74
|
|t:|1711945034
|move|p2a: Gastrodon|Recover|p2a: Gastrodon
|-heal|p2a: Gastrodon|100/100 tox
|move|p1a: Funbro|Fire Blast|p2a: Gastrodon
|-resisted|p2a: Gastrodon
|-damage|p2a: Gastrodon|91/100 tox
|
|-heal|p2a: Gastrodon|97/100 tox|[from] item: Leftovers
|-heal|p1a: Funbro|75/100 brn|[from] item: Leftovers
|-damage|p2a: Gastrodon|85/100 tox|[from] psn
|-damage|p1a: Funbro|63/100 brn|[from] brn
|upkeep
|turn|75
|
|t:|1711945037
|switch|p2a: Chansey|Chansey, F|88/100
|move|p1a: Funbro|Slack Off|p1a: Funbro
|-heal|p1a: Funbro|100/100 brn
|
|-damage|p1a: Funbro|88/100 brn|[from] brn
|upkeep
|turn|76
|
|t:|1711945039
|move|p2a: Chansey|Stealth Rock|p1a: Funbro
|-sidestart|p1: Kretensky|move: Stealth Rock
|move|p1a: Funbro|Toxic|p2a: Chansey
|-status|p2a: Chansey|tox
|
|-heal|p1a: Funbro|94/100 brn|[from] item: Leftovers
|-damage|p2a: Chansey|82/100 tox|[from] psn
|-damage|p1a: Funbro|82/100 brn|[from] brn
|upkeep
|turn|77
|
|t:|1711945043
|-curestatus|p2a: Chansey|tox|[from] ability: Natural Cure
|switch|p2a: Gastrodon|Gastrodon, F|85/100 tox
|switch|p1a: I savour your hits|Chansey, F|80/100
|-damage|p1a: I savour your hits|67/100|[from] Stealth Rock
|
|-heal|p2a: Gastrodon|91/100 tox|[from] item: Leftovers
|-damage|p2a: Gastrodon|85/100 tox|[from] psn
|upkeep
|turn|78
|
|t:|1711945048
|switch|p2a: Zapdos|Zapdos|89/100 tox
|-ability|p2a: Zapdos|Pressure
|move|p1a: I savour your hits|Stealth Rock|p2a: Zapdos
|-sidestart|p2: NtRiver|move: Stealth Rock
|
|-heal|p2a: Zapdos|95/100 tox|[from] item: Leftovers
|-damage|p2a: Zapdos|89/100 tox|[from] psn
|upkeep
|turn|79
|
|t:|1711945050
|switch|p2a: Scizor|Scizor-Mega, F|100/100
|-damage|p2a: Scizor|88/100|[from] Stealth Rock
|move|p1a: I savour your hits|Soft-Boiled|p1a: I savour your hits
|-heal|p1a: I savour your hits|100/100
|
|upkeep
|turn|80
|
|t:|1711945054
|switch|p1a: Funbro|Slowbro, M|100/100 brn
|-damage|p1a: Funbro|88/100 brn|[from] Stealth Rock
|move|p2a: Scizor|Defog|p1a: Funbro
|-unboost|p1a: Funbro|evasion|1
|-sideend|p1: Kretensky|Stealth Rock|[from] move: Defog|[of] p2a: Scizor
|-sideend|p2: NtRiver|Stealth Rock|[from] move: Defog|[of] p2a: Scizor
|
|-heal|p1a: Funbro|94/100 brn|[from] item: Leftovers
|-damage|p1a: Funbro|82/100 brn|[from] brn
|upkeep
|turn|81
|
|t:|1711945058
|switch|p2a: Gastrodon|Gastrodon, F|85/100 tox
|move|p1a: Funbro|Fire Blast|p2a: Gastrodon
|-resisted|p2a: Gastrodon
|-damage|p2a: Gastrodon|75/100 tox
|
|-heal|p2a: Gastrodon|81/100 tox|[from] item: Leftovers
|-heal|p1a: Funbro|88/100 brn|[from] item: Leftovers
|-damage|p2a: Gastrodon|75/100 tox|[from] psn
|-damage|p1a: Funbro|75/100 brn|[from] brn
|upkeep
|turn|82
|
|t:|1711945066
|switch|p1a: Iron Mike|Ferrothorn, M, shiny|81/100
|move|p2a: Gastrodon|Recover|p2a: Gastrodon
|-heal|p2a: Gastrodon|100/100 tox
|
|-heal|p1a: Iron Mike|87/100|[from] item: Leftovers
|-damage|p2a: Gastrodon|88/100 tox|[from] psn
|upkeep
|turn|83
|
|t:|1711945073
|switch|p2a: Scizor|Scizor-Mega, F|88/100
|move|p1a: Iron Mike|Spikes|p2a: Scizor
|-sidestart|p2: NtRiver|Spikes
|
|-heal|p1a: Iron Mike|94/100|[from] item: Leftovers
|upkeep
|turn|84
|
|t:|1711945079
|switch|p1a: Funbro|Slowbro, M|100/100 brn
|move|p2a: Scizor|Defog|p1a: Funbro
|-unboost|p1a: Funbro|evasion|1
|-sideend|p2: NtRiver|Spikes|[from] move: Defog|[of] p2a: Scizor
|
|-damage|p1a: Funbro|88/100 brn|[from] brn
|upkeep
|turn|85
|
|t:|1711945086
|switch|p2a: Chansey|Chansey, F|82/100
|switch|p1a: Iron Mike|Ferrothorn, M, shiny|94/100
|
|-heal|p1a: Iron Mike|99/100|[from] item: Leftovers
|upkeep
|turn|86
|
|t:|1711945093
|move|p2a: Chansey|Stealth Rock|p1a: Iron Mike
|-sidestart|p1: Kretensky|move: Stealth Rock
|move|p1a: Iron Mike|Gyro Ball|p2a: Chansey
|-damage|p2a: Chansey|66/100
|
|-heal|p1a: Iron Mike|100/100|[from] item: Leftovers
|upkeep
|turn|87
|
|t:|1711945099
|move|p2a: Chansey|Soft-Boiled|p2a: Chansey
|-heal|p2a: Chansey|100/100
|move|p1a: Iron Mike|Spikes|p2a: Chansey
|-sidestart|p2: NtRiver|Spikes
|
|upkeep
|turn|88
|
|t:|1711945105
|switch|p2a: Zapdos|Zapdos|89/100 tox
|-ability|p2a: Zapdos|Pressure
|move|p1a: Iron Mike|Spikes|p2a: Zapdos
|-sidestart|p2: NtRiver|Spikes
|
|-heal|p2a: Zapdos|95/100 tox|[from] item: Leftovers
|-damage|p2a: Zapdos|89/100 tox|[from] psn
|upkeep
|turn|89
|
|t:|1711945113
|switch|p1a: I savour your hits|Chansey, F|100/100
|-damage|p1a: I savour your hits|88/100|[from] Stealth Rock
|move|p2a: Zapdos|Heat Wave|p1a: I savour your hits
|-damage|p1a: I savour your hits|81/100
|
|-heal|p2a: Zapdos|95/100 tox|[from] item: Leftovers
|-damage|p2a: Zapdos|83/100 tox|[from] psn
|upkeep
|turn|90
|
|t:|1711945122
|switch|p2a: Scizor|Scizor-Mega, F|88/100
|-damage|p2a: Scizor|72/100|[from] Spikes
|move|p1a: I savour your hits|Stealth Rock|p2a: Scizor
|-sidestart|p2: NtRiver|move: Stealth Rock
|
|upkeep
|turn|91
|
|t:|1711945125
|move|p2a: Scizor|Defog|p1a: I savour your hits
|-unboost|p1a: I savour your hits|evasion|1
|-sideend|p1: Kretensky|Stealth Rock|[from] move: Defog|[of] p2a: Scizor
|-sideend|p2: NtRiver|Spikes|[from] move: Defog|[of] p2a: Scizor
|-sideend|p2: NtRiver|Stealth Rock|[from] move: Defog|[of] p2a: Scizor
|move|p1a: I savour your hits|Seismic Toss|p2a: Scizor
|-damage|p2a: Scizor|42/100
|
|upkeep
|turn|92
|
|t:|1711945132
|switch|p1a: Funbro|Slowbro, M|100/100 brn
|move|p2a: Scizor|Roost|p2a: Scizor
|-heal|p2a: Scizor|93/100
|-singleturn|p2a: Scizor|move: Roost
|
|-damage|p1a: Funbro|88/100 brn|[from] brn
|upkeep
|turn|93
|
|t:|1711945139
|switch|p2a: Gastrodon|Gastrodon, F|88/100 tox
|switch|p1a: Iron Mike|Ferrothorn, M, shiny|100/100
|
|-heal|p2a: Gastrodon|94/100 tox|[from] item: Leftovers
|-damage|p2a: Gastrodon|88/100 tox|[from] psn
|upkeep
|turn|94
|
|t:|1711945144
|switch|p2a: Zapdos|Zapdos|83/100 tox
|-ability|p2a: Zapdos|Pressure
|move|p1a: Iron Mike|Spikes|p2a: Zapdos
|-sidestart|p2: NtRiver|Spikes
|
|-heal|p2a: Zapdos|89/100 tox|[from] item: Leftovers
|-damage|p2a: Zapdos|83/100 tox|[from] psn
|upkeep
|turn|95
|
|t:|1711945148
|switch|p1a: Funbro|Slowbro, M|100/100 brn
|move|p2a: Zapdos|Heat Wave|p1a: Funbro
|-resisted|p1a: Funbro
|-damage|p1a: Funbro|86/100 brn
|
|-heal|p2a: Zapdos|89/100 tox|[from] item: Leftovers
|-heal|p1a: Funbro|92/100 brn|[from] item: Leftovers
|-damage|p2a: Zapdos|77/100 tox|[from] psn
|-damage|p1a: Funbro|80/100 brn|[from] brn
|upkeep
|turn|96
|
|t:|1711945154
|switch|p1a: I savour your hits|Chansey, F|81/100
|move|p2a: Zapdos|Discharge|p1a: I savour your hits
|-damage|p1a: I savour your hits|71/100
|
|-heal|p2a: Zapdos|83/100 tox|[from] item: Leftovers
|-damage|p2a: Zapdos|65/100 tox|[from] psn
|upkeep
|turn|97
|
|t:|1711945158
|switch|p2a: Scizor|Scizor-Mega, F|93/100
|-damage|p2a: Scizor|80/100|[from] Spikes
|move|p1a: I savour your hits|Seismic Toss|p2a: Scizor
|-damage|p2a: Scizor|51/100
|
|upkeep
|turn|98
|
|t:|1711945169
|switch|p1a: Funbro|Slowbro, M|100/100 brn
|move|p2a: Scizor|Defog|p1a: Funbro
|-unboost|p1a: Funbro|evasion|1
|-sideend|p2: NtRiver|Spikes|[from] move: Defog|[of] p2a: Scizor
|
|-damage|p1a: Funbro|88/100 brn|[from] brn
|upkeep
|turn|99
|
|t:|1711945175
|switch|p2a: Chansey|Chansey, F|100/100
|move|p1a: Funbro|Scald|p2a: Chansey
|-damage|p2a: Chansey|92/100
|-status|p2a: Chansey|brn
|
|-heal|p1a: Funbro|94/100 brn|[from] item: Leftovers
|-damage|p2a: Chansey|79/100 brn|[from] brn
|-damage|p1a: Funbro|82/100 brn|[from] brn
|upkeep
|turn|100
|
|t:|1711945180
|-curestatus|p2a: Chansey|brn|[from] ability: Natural Cure
|switch|p2a: Slowbro|Slowbro, F|100/100
|switch|p1a: I savour your hits|Chansey, F|71/100
|
|upkeep
|turn|101
|
|t:|1711945187
|switch|p2a: Scizor|Scizor-Mega, F|51/100
|move|p1a: I savour your hits|Toxic|p2a: Scizor
|-immune|p2a: Scizor
|
|upkeep
|turn|102
|
|t:|1711945191
|switch|p1a: Iron Mike|Ferrothorn, M, shiny|100/100
|move|p2a: Scizor|Roost|p2a: Scizor
|-heal|p2a: Scizor|100/100
|-singleturn|p2a: Scizor|move: Roost
|
|upkeep
|turn|103
|
|t:|1711945196
|switch|p1a: Joe|Gliscor, M, shiny|100/100 tox
|move|p2a: Scizor|Superpower|p1a: Joe
|-resisted|p1a: Joe
|-damage|p1a: Joe|86/100 tox
|-unboost|p2a: Scizor|atk|1
|-unboost|p2a: Scizor|def|1
|
|-heal|p1a: Joe|99/100 tox|[from] ability: Poison Heal
|upkeep
|turn|104
|
|t:|1711945205
|switch|p2a: Zapdos|Zapdos|65/100 tox
|-ability|p2a: Zapdos|Pressure
|move|p1a: Joe|Substitute|p1a: Joe
|-start|p1a: Joe|Substitute
|-damage|p1a: Joe|74/100 tox
|
|-heal|p2a: Zapdos|71/100 tox|[from] item: Leftovers
|-damage|p2a: Zapdos|65/100 tox|[from] psn
|-heal|p1a: Joe|86/100 tox|[from] ability: Poison Heal
|upkeep
|turn|105
|inactive|Kretensky has 120 seconds left.
|
|t:|1711945246
|move|p1a: Joe|Protect|p1a: Joe
|-singleturn|p1a: Joe|Protect
|move|p2a: Zapdos|Roost|p2a: Zapdos
|-heal|p2a: Zapdos|100/100 tox
|-singleturn|p2a: Zapdos|move: Roost
|
|-damage|p2a: Zapdos|89/100 tox|[from] psn
|-heal|p1a: Joe|99/100 tox|[from] ability: Poison Heal
|upkeep
|turn|106
|
|t:|1711945257
|switch|p2a: Gastrodon|Gastrodon, F|88/100 tox
|switch|p1a: I savour your hits|Chansey, F|71/100
|
|-heal|p2a: Gastrodon|94/100 tox|[from] item: Leftovers
|-damage|p2a: Gastrodon|88/100 tox|[from] psn
|upkeep
|turn|107
|
|t:|1711945262
|switch|p2a: Zapdos|Zapdos|89/100 tox
|-ability|p2a: Zapdos|Pressure
|move|p1a: I savour your hits|Stealth Rock|p2a: Zapdos
|-sidestart|p2: NtRiver|move: Stealth Rock
|
|-heal|p2a: Zapdos|95/100 tox|[from] item: Leftovers
|-damage|p2a: Zapdos|89/100 tox|[from] psn
|upkeep
|turn|108
|inactive|Kretensky has 90 seconds left.
|l|☆Kretensky
|inactive|Kretensky disconnected and has a minute to reconnect!
|player|p1|
|inactive|Kretensky has 30 seconds to reconnect!
|inactive|Kretensky has 20 seconds to reconnect!
|j|☆Kretensky
|inactive|Kretensky reconnected and has 50 seconds left.
|player|p1|Kretensky|tuberf
|
|t:|1711945341
|switch|p2a: Scizor|Scizor-Mega, F|100/100
|-damage|p2a: Scizor|88/100|[from] Stealth Rock
|move|p1a: I savour your hits|Soft-Boiled|p1a: I savour your hits
|-heal|p1a: I savour your hits|100/100
|
|upkeep
|turn|109
|
|t:|1711945347
|switch|p1a: Funbro|Slowbro, M|100/100 brn
|move|p2a: Scizor|Defog|p1a: Funbro
|-unboost|p1a: Funbro|evasion|1
|-sideend|p2: NtRiver|Stealth Rock|[from] move: Defog|[of] p2a: Scizor
|
|-damage|p1a: Funbro|88/100 brn|[from] brn
|upkeep
|turn|110
|
|t:|1711945355
|switch|p2a: Gastrodon|Gastrodon, F|88/100 tox
|move|p1a: Funbro|Scald|p2a: Gastrodon
|-ability|p2a: Gastrodon|Storm Drain|boost
|-boost|p2a: Gastrodon|spa|1
|
|-heal|p2a: Gastrodon|94/100 tox|[from] item: Leftovers
|-heal|p1a: Funbro|94/100 brn|[from] item: Leftovers
|-damage|p2a: Gastrodon|88/100 tox|[from] psn
|-damage|p1a: Funbro|82/100 brn|[from] brn
|upkeep
|turn|111
|
|t:|1711945359
|switch|p1a: I savour your hits|Chansey, F|100/100
|move|p2a: Gastrodon|Toxic|p1a: I savour your hits
|-status|p1a: I savour your hits|tox
|
|-heal|p2a: Gastrodon|94/100 tox|[from] item: Leftovers
|-damage|p1a: I savour your hits|94/100 tox|[from] psn
|-damage|p2a: Gastrodon|82/100 tox|[from] psn
|upkeep
|turn|112
|
|t:|1711945362
|switch|p2a: Zapdos|Zapdos|89/100 tox
|-ability|p2a: Zapdos|Pressure
|move|p1a: I savour your hits|Seismic Toss|p2a: Zapdos
|-damage|p2a: Zapdos|61/100 tox
|
|-heal|p2a: Zapdos|67/100 tox|[from] item: Leftovers
|-damage|p2a: Zapdos|61/100 tox|[from] psn
|-damage|p1a: I savour your hits|82/100 tox|[from] psn
|upkeep
|turn|113
|inactive|Kretensky has 60 seconds left.
|
|t:|1711945368
|-curestatus|p1a: I savour your hits|tox|[from] ability: Natural Cure
|switch|p1a: Joe|Gliscor, M, shiny|99/100 tox
|move|p2a: Zapdos|Roost|p2a: Zapdos
|-heal|p2a: Zapdos|100/100 tox
|-singleturn|p2a: Zapdos|move: Roost
|
|-damage|p2a: Zapdos|89/100 tox|[from] psn
|-heal|p1a: Joe|100/100 tox|[from] ability: Poison Heal
|upkeep
|turn|114
|inactive|Kretensky has 60 seconds left.
|
|t:|1711945376
|switch|p2a: Gastrodon|Gastrodon, F|82/100 tox
|move|p1a: Joe|Earthquake|p2a: Gastrodon
|-damage|p2a: Gastrodon|51/100 tox
|
|-heal|p2a: Gastrodon|57/100 tox|[from] item: Leftovers
|-damage|p2a: Gastrodon|51/100 tox|[from] psn
|upkeep
|turn|115
|inactive|Kretensky has 60 seconds left.
|
|t:|1711945384
|move|p1a: Joe|Earthquake|p2a: Gastrodon
|-damage|p2a: Gastrodon|19/100 tox
|move|p2a: Gastrodon|Recover|p2a: Gastrodon
|-heal|p2a: Gastrodon|69/100 tox
|
|-heal|p2a: Gastrodon|75/100 tox|[from] item: Leftovers
|-damage|p2a: Gastrodon|63/100 tox|[from] psn
|upkeep
|turn|116
|
|t:|1711945389
|switch|p2a: Slowbro|Slowbro, F|100/100
|move|p1a: Joe|Earthquake|p2a: Slowbro
|-damage|p2a: Slowbro|82/100
|
|upkeep
|turn|117
|
|t:|1711945397
|switch|p1a: Funbro|Slowbro, M|100/100 brn
|switch|p2a: Zapdos|Zapdos|89/100 tox
|-ability|p2a: Zapdos|Pressure
|
|-heal|p2a: Zapdos|95/100 tox|[from] item: Leftovers
|-damage|p2a: Zapdos|89/100 tox|[from] psn
|-damage|p1a: Funbro|88/100 brn|[from] brn
|upkeep
|turn|118
|
|t:|1711945402
|switch|p1a: Joe|Gliscor, M, shiny|100/100 tox
|move|p2a: Zapdos|Discharge|p1a: Joe
|-immune|p1a: Joe
|
|-heal|p2a: Zapdos|95/100 tox|[from] item: Leftovers
|-damage|p2a: Zapdos|83/100 tox|[from] psn
|upkeep
|turn|119
|
|t:|1711945407
|switch|p2a: Gastrodon|Gastrodon, F|63/100 tox
|move|p1a: Joe|Substitute|p1a: Joe
|-start|p1a: Joe|Substitute
|-damage|p1a: Joe|76/100 tox
|
|-heal|p2a: Gastrodon|69/100 tox|[from] item: Leftovers
|-heal|p1a: Joe|88/100 tox|[from] ability: Poison Heal
|-damage|p2a: Gastrodon|63/100 tox|[from] psn
|upkeep
|turn|120
|
|t:|1711945410
|move|p1a: Joe|Earthquake|p2a: Gastrodon
|-damage|p2a: Gastrodon|34/100 tox
|move|p2a: Gastrodon|Recover|p2a: Gastrodon
|-heal|p2a: Gastrodon|84/100 tox
|
|-heal|p2a: Gastrodon|90/100 tox|[from] item: Leftovers
|-heal|p1a: Joe|100/100 tox|[from] ability: Poison Heal
|-damage|p2a: Gastrodon|78/100 tox|[from] psn
|upkeep
|turn|121
|
|t:|1711945417
|switch|p2a: Zapdos|Zapdos|83/100 tox
|-ability|p2a: Zapdos|Pressure
|move|p1a: Joe|Toxic|p2a: Zapdos
|-fail|p2a: Zapdos|tox
|
|-heal|p2a: Zapdos|89/100 tox|[from] item: Leftovers
|-damage|p2a: Zapdos|83/100 tox|[from] psn
|upkeep
|turn|122
|
|t:|1711945423
|switch|p2a: Slowbro|Slowbro, F|100/100
|move|p1a: Joe|Earthquake|p2a: Slowbro
|-damage|p2a: Slowbro|81/100
|
|upkeep
|turn|123
|
|t:|1711945427
|switch|p2a: Zapdos|Zapdos|83/100 tox
|-ability|p2a: Zapdos|Pressure
|move|p1a: Joe|Toxic|p2a: Zapdos
|-fail|p2a: Zapdos|tox
|
|-heal|p2a: Zapdos|89/100 tox|[from] item: Leftovers
|-damage|p2a: Zapdos|83/100 tox|[from] psn
|upkeep
|turn|124
|
|t:|1711945431
|switch|p2a: Slowbro|Slowbro, F|100/100
|switch|p1a: Iron Mike|Ferrothorn, M, shiny|100/100
|
|upkeep
|turn|125
|
|t:|1711945435
|move|p2a: Slowbro|Scald|p1a: Iron Mike
|-resisted|p1a: Iron Mike
|-damage|p1a: Iron Mike|91/100
|move|p1a: Iron Mike|Spikes|p2a: Slowbro
|-sidestart|p2: NtRiver|Spikes
|
|-heal|p1a: Iron Mike|98/100|[from] item: Leftovers
|upkeep
|turn|126
|inactive|Kretensky has 90 seconds left.
|
|t:|1711945444
|switch|p1a: I savour your hits|Chansey, F|82/100
|move|p2a: Slowbro|Scald|p1a: I savour your hits
|-damage|p1a: I savour your hits|74/100
|
|upkeep
|turn|127
|inactive|Kretensky has 90 seconds left.
|
|t:|1711945451
|switch|p2a: Zapdos|Zapdos|83/100 tox
|-ability|p2a: Zapdos|Pressure
|move|p1a: I savour your hits|Stealth Rock|p2a: Zapdos
|-sidestart|p2: NtRiver|move: Stealth Rock
|
|-heal|p2a: Zapdos|89/100 tox|[from] item: Leftovers
|-damage|p2a: Zapdos|83/100 tox|[from] psn
|upkeep
|turn|128
|inactive|Kretensky has 90 seconds left.
|
|t:|1711945457
|move|p2a: Zapdos|Defog|p1a: I savour your hits
|-unboost|p1a: I savour your hits|evasion|1
|-sideend|p2: NtRiver|Spikes|[from] move: Defog|[of] p2a: Zapdos
|-sideend|p2: NtRiver|Stealth Rock|[from] move: Defog|[of] p2a: Zapdos
|move|p1a: I savour your hits|Seismic Toss|p2a: Zapdos
|-damage|p2a: Zapdos|55/100 tox
|
|-heal|p2a: Zapdos|61/100 tox|[from] item: Leftovers
|-damage|p2a: Zapdos|49/100 tox|[from] psn
|upkeep
|turn|129
|
|t:|1711945459
|move|p2a: Zapdos|Roost|p2a: Zapdos
|-heal|p2a: Zapdos|99/100 tox
|-singleturn|p2a: Zapdos|move: Roost
|move|p1a: I savour your hits|Seismic Toss|p2a: Zapdos
|-damage|p2a: Zapdos|72/100 tox
|
|-heal|p2a: Zapdos|78/100 tox|[from] item: Leftovers
|-damage|p2a: Zapdos|60/100 tox|[from] psn
|upkeep
|turn|130
|
|t:|1711945465
|switch|p2a: Scizor|Scizor-Mega, F|88/100
|move|p1a: I savour your hits|Stealth Rock|p2a: Scizor
|-sidestart|p2: NtRiver|move: Stealth Rock
|
|upkeep
|turn|131
|
|t:|1711945468
|move|p2a: Scizor|Defog|p1a: I savour your hits
|-unboost|p1a: I savour your hits|evasion|1
|-sideend|p2: NtRiver|Stealth Rock|[from] move: Defog|[of] p2a: Scizor
|move|p1a: I savour your hits|Seismic Toss|p2a: Scizor
|-damage|p2a: Scizor|59/100
|
|upkeep
|turn|132
|
|t:|1711945474
|switch|p1a: Joe|Gliscor, M, shiny|100/100 tox
|move|p2a: Scizor|Roost|p2a: Scizor
|-heal|p2a: Scizor|100/100
|-singleturn|p2a: Scizor|move: Roost
|
|upkeep
|turn|133
|
|t:|1711945480
|switch|p1a: TGI Fridays|Zapdos|88/100 tox
|-ability|p1a: TGI Fridays|Pressure
|switch|p2a: Zapdos|Zapdos|60/100 tox
|-ability|p2a: Zapdos|Pressure
|
|-heal|p2a: Zapdos|66/100 tox|[from] item: Leftovers
|-heal|p1a: TGI Fridays|94/100 tox|[from] item: Leftovers
|-damage|p2a: Zapdos|60/100 tox|[from] psn
|-damage|p1a: TGI Fridays|88/100 tox|[from] psn
|upkeep
|turn|134
|
|t:|1711945485
|switch|p2a: Gastrodon|Gastrodon, F|78/100 tox
|move|p1a: TGI Fridays|Thunderbolt|p2a: Gastrodon
|-immune|p2a: Gastrodon
|
|-heal|p1a: TGI Fridays|94/100 tox|[from] item: Leftovers
|-heal|p2a: Gastrodon|84/100 tox|[from] item: Leftovers
|-damage|p1a: TGI Fridays|82/100 tox|[from] psn
|-damage|p2a: Gastrodon|78/100 tox|[from] psn
|upkeep
|turn|135
|
|t:|1711945492
|switch|p1a: I savour your hits|Chansey, F|74/100
|move|p2a: Gastrodon|Scald|p1a: I savour your hits
|-damage|p1a: I savour your hits|66/100
|-status|p1a: I savour your hits|brn
|
|-heal|p2a: Gastrodon|84/100 tox|[from] item: Leftovers
|-damage|p2a: Gastrodon|72/100 tox|[from] psn
|-damage|p1a: I savour your hits|54/100 brn|[from] brn
|upkeep
|turn|136
|
|t:|1711945502
|switch|p2a: Zapdos|Zapdos|60/100 tox
|-ability|p2a: Zapdos|Pressure
|move|p1a: I savour your hits|Soft-Boiled|p1a: I savour your hits
|-heal|p1a: I savour your hits|100/100 brn
|
|-heal|p2a: Zapdos|66/100 tox|[from] item: Leftovers
|-damage|p2a: Zapdos|60/100 tox|[from] psn
|-damage|p1a: I savour your hits|88/100 brn|[from] brn
|upkeep
|turn|137
|
|t:|1711945512
|-curestatus|p1a: I savour your hits|brn|[from] ability: Natural Cure
|switch|p1a: Joe|Gliscor, M, shiny|100/100 tox
|move|p2a: Zapdos|Roost|p2a: Zapdos
|-heal|p2a: Zapdos|100/100 tox
|-singleturn|p2a: Zapdos|move: Roost
|
|-damage|p2a: Zapdos|89/100 tox|[from] psn
|upkeep
|turn|138
|
|t:|1711945522
|switch|p2a: Slowbro|Slowbro, F|100/100
|switch|p1a: Funbro|Slowbro, M|100/100 brn
|
|-damage|p1a: Funbro|88/100 brn|[from] brn
|upkeep
|turn|139
|
|t:|1711945530
|switch|p2a: Gastrodon|Gastrodon, F|72/100 tox
|move|p1a: Funbro|Scald|p2a: Gastrodon
|-ability|p2a: Gastrodon|Storm Drain|boost
|-boost|p2a: Gastrodon|spa|1
|
|-heal|p2a: Gastrodon|78/100 tox|[from] item: Leftovers
|-heal|p1a: Funbro|94/100 brn|[from] item: Leftovers
|-damage|p2a: Gastrodon|72/100 tox|[from] psn
|-damage|p1a: Funbro|82/100 brn|[from] brn
|upkeep
|turn|140
|
|t:|1711945534
|switch|p1a: I savour your hits|Chansey, F|88/100
|move|p2a: Gastrodon|Recover|p2a: Gastrodon
|-heal|p2a: Gastrodon|100/100 tox
|
|-damage|p2a: Gastrodon|88/100 tox|[from] psn
|upkeep
|turn|141
|inactive|Kretensky has 90 seconds left.
|
|t:|1711945564
|switch|p2a: Zapdos|Zapdos|89/100 tox
|-ability|p2a: Zapdos|Pressure
|move|p1a: I savour your hits|Stealth Rock|p2a: Zapdos
|-sidestart|p2: NtRiver|move: Stealth Rock
|
|-heal|p2a: Zapdos|95/100 tox|[from] item: Leftovers
|-damage|p2a: Zapdos|89/100 tox|[from] psn
|upkeep
|turn|142
|inactive|Kretensky has 60 seconds left.
|
|t:|1711945596
|move|p2a: Zapdos|Defog|p1a: I savour your hits
|-unboost|p1a: I savour your hits|evasion|1
|-sideend|p2: NtRiver|Stealth Rock|[from] move: Defog|[of] p2a: Zapdos
|move|p1a: I savour your hits|Seismic Toss|p2a: Zapdos
|-damage|p2a: Zapdos|61/100 tox
|
|-heal|p2a: Zapdos|67/100 tox|[from] item: Leftovers
|-damage|p2a: Zapdos|55/100 tox|[from] psn
|upkeep
|turn|143
|
|t:|1711945603
|switch|p2a: Scizor|Scizor-Mega, F|100/100
|move|p1a: I savour your hits|Stealth Rock|p2a: Scizor
|-sidestart|p2: NtRiver|move: Stealth Rock
|
|upkeep
|turn|144
|
|t:|1711945608
|switch|p1a: Funbro|Slowbro, M|100/100 brn
|move|p2a: Scizor|Defog|p1a: Funbro
|-unboost|p1a: Funbro|evasion|1
|-sideend|p2: NtRiver|Stealth Rock|[from] move: Defog|[of] p2a: Scizor
|
|-damage|p1a: Funbro|88/100 brn|[from] brn
|upkeep
|turn|145
|
|t:|1711945613
|switch|p2a: Gastrodon|Gastrodon, F|88/100 tox
|switch|p1a: Quagyu|Quagsire, M|74/100
|
|-heal|p2a: Gastrodon|94/100 tox|[from] item: Leftovers
|-heal|p1a: Quagyu|80/100|[from] item: Leftovers
|-damage|p2a: Gastrodon|88/100 tox|[from] psn
|upkeep
|turn|146
|inactive|Kretensky has 60 seconds left.
|
|t:|1711945624
|switch|p2a: Chansey|Chansey, F|79/100
|switch|p1a: Funbro|Slowbro, M|100/100 brn
|
|-damage|p1a: Funbro|88/100 brn|[from] brn
|upkeep
|turn|147
|
|t:|1711945628
|switch|p1a: I savour your hits|Chansey, F|88/100
|move|p2a: Chansey|Stealth Rock|p1a: I savour your hits
|-sidestart|p1: Kretensky|move: Stealth Rock
|
|upkeep
|turn|148
|
|t:|1711945635
|switch|p2a: Zapdos|Zapdos|55/100 tox
|-ability|p2a: Zapdos|Pressure
|move|p1a: I savour your hits|Stealth Rock|p2a: Zapdos
|-sidestart|p2: NtRiver|move: Stealth Rock
|
|-heal|p2a: Zapdos|61/100 tox|[from] item: Leftovers
|-damage|p2a: Zapdos|55/100 tox|[from] psn
|upkeep
|turn|149
|
|t:|1711945642
|switch|p1a: Quagyu|Quagsire, M|80/100
|-damage|p1a: Quagyu|74/100|[from] Stealth Rock
|move|p2a: Zapdos|Roost|p2a: Zapdos
|-heal|p2a: Zapdos|100/100 tox
|-singleturn|p2a: Zapdos|move: Roost
|
|-heal|p1a: Quagyu|80/100|[from] item: Leftovers
|-damage|p2a: Zapdos|89/100 tox|[from] psn
|upkeep
|turn|150
|
|t:|1711945651
|switch|p2a: Chansey|Chansey, F|79/100
|-damage|p2a: Chansey|67/100|[from] Stealth Rock
|move|p1a: Quagyu|Earthquake|p2a: Chansey
|-damage|p2a: Chansey|48/100
|
|-heal|p1a: Quagyu|86/100|[from] item: Leftovers
|upkeep
|turn|151
|inactive|Kretensky has 60 seconds left.
|inactive|Kretensky has 30 seconds left.
|
|t:|1711945692
|move|p2a: Chansey|Soft-Boiled|p2a: Chansey
|-heal|p2a: Chansey|98/100
|move|p1a: Quagyu|Earthquake|p2a: Chansey
|-damage|p2a: Chansey|78/100
|
|-heal|p1a: Quagyu|92/100|[from] item: Leftovers
|upkeep
|turn|152
|inactive|Kretensky has 30 seconds left.
|
|t:|1711945702
|switch|p2a: Slowbro|Slowbro, F|100/100
|-damage|p2a: Slowbro|88/100|[from] Stealth Rock
|move|p1a: Quagyu|Toxic|p2a: Slowbro
|-status|p2a: Slowbro|tox
|
|-heal|p1a: Quagyu|98/100|[from] item: Leftovers
|-damage|p2a: Slowbro|82/100 tox|[from] psn
|upkeep
|turn|153
|inactive|Kretensky has 30 seconds left.
|
|t:|1711945714
|move|p2a: Slowbro|Scald|p1a: Quagyu
|-damage|p1a: Quagyu|63/100
|move|p1a: Quagyu|Scald|p2a: Slowbro
|-resisted|p2a: Slowbro
|-damage|p2a: Slowbro|73/100 tox
|
|-heal|p1a: Quagyu|69/100|[from] item: Leftovers
|-damage|p2a: Slowbro|61/100 tox|[from] psn
|upkeep
|turn|154
|inactive|Kretensky has 30 seconds left this turn.
|
|t:|1711945721
|switch|p1a: I savour your hits|Chansey, F|88/100
|-damage|p1a: I savour your hits|76/100|[from] Stealth Rock
|move|p2a: Slowbro|Toxic|p1a: I savour your hits
|-status|p1a: I savour your hits|tox
|
|-damage|p1a: I savour your hits|70/100 tox|[from] psn
|-damage|p2a: Slowbro|42/100 tox|[from] psn
|upkeep
|turn|155
|inactive|Kretensky has 30 seconds left this turn.
|
|t:|1711945728
|switch|p2a: Scizor|Scizor-Mega, F|100/100
|-damage|p2a: Scizor|88/100|[from] Stealth Rock
|move|p1a: I savour your hits|Soft-Boiled|p1a: I savour your hits
|-heal|p1a: I savour your hits|100/100 tox
|
|-damage|p1a: I savour your hits|88/100 tox|[from] psn
|upkeep
|turn|156
|inactive|Kretensky has 30 seconds left this turn.
|
|t:|1711945731
|move|p2a: Scizor|Defog|p1a: I savour your hits
|-unboost|p1a: I savour your hits|evasion|1
|-sideend|p1: Kretensky|Stealth Rock|[from] move: Defog|[of] p2a: Scizor
|-sideend|p2: NtRiver|Stealth Rock|[from] move: Defog|[of] p2a: Scizor
|move|p1a: I savour your hits|Seismic Toss|p2a: Scizor
|-damage|p2a: Scizor|59/100
|
|-damage|p1a: I savour your hits|70/100 tox|[from] psn
|upkeep
|turn|157
|inactive|Kretensky has 30 seconds left.
|
|t:|1711945736
|-curestatus|p1a: I savour your hits|tox|[from] ability: Natural Cure
|switch|p1a: Funbro|Slowbro, M|100/100 brn
|move|p2a: Scizor|Roost|p2a: Scizor
|-heal|p2a: Scizor|100/100
|-singleturn|p2a: Scizor|move: Roost
|
|-damage|p1a: Funbro|88/100 brn|[from] brn
|upkeep
|turn|158
|inactive|Kretensky has 30 seconds left.
|
|t:|1711945748
|switch|p2a: Slowbro|Slowbro, F|76/100 tox
|switch|p1a: Iron Mike|Ferrothorn, M, shiny|98/100
|
|-heal|p1a: Iron Mike|100/100|[from] item: Leftovers
|-damage|p2a: Slowbro|69/100 tox|[from] psn
|upkeep
|turn|159
|inactive|Kretensky has 30 seconds left this turn.
|
|t:|1711945755
|move|p2a: Slowbro|Scald|p1a: Iron Mike
|-resisted|p1a: Iron Mike
|-damage|p1a: Iron Mike|91/100
|move|p1a: Iron Mike|Leech Seed|p2a: Slowbro
|-start|p2a: Slowbro|move: Leech Seed
|
|-heal|p1a: Iron Mike|97/100|[from] item: Leftovers
|-damage|p2a: Slowbro|57/100 tox|[from] Leech Seed|[of] p1a: Iron Mike
|-heal|p1a: Iron Mike|100/100|[silent]
|-damage|p2a: Slowbro|45/100 tox|[from] psn
|upkeep
|turn|160
|inactive|Kretensky has 30 seconds left this turn.
|
|t:|1711945761
|switch|p2a: Zapdos|Zapdos|89/100 tox
|-ability|p2a: Zapdos|Pressure
|move|p1a: Iron Mike|Gyro Ball|p2a: Zapdos
|-resisted|p2a: Zapdos
|-crit|p2a: Zapdos
|-damage|p2a: Zapdos|62/100 tox
|
|-heal|p2a: Zapdos|68/100 tox|[from] item: Leftovers
|-damage|p2a: Zapdos|62/100 tox|[from] psn
|upkeep
|turn|161
|inactive|Kretensky has 30 seconds left this turn.
|
|t:|1711945768
|switch|p1a: Joe|Gliscor, M, shiny|100/100 tox
|move|p2a: Zapdos|Roost|p2a: Zapdos
|-heal|p2a: Zapdos|100/100 tox
|-singleturn|p2a: Zapdos|move: Roost
|
|-damage|p2a: Zapdos|89/100 tox|[from] psn
|upkeep
|turn|162
|inactive|Kretensky has 30 seconds left this turn.
|
|t:|1711945775
|switch|p2a: Slowbro|Slowbro, F|78/100 tox
|move|p1a: Joe|Substitute|p1a: Joe
|-start|p1a: Joe|Substitute
|-damage|p1a: Joe|76/100 tox
|
|-heal|p1a: Joe|88/100 tox|[from] ability: Poison Heal
|-damage|p2a: Slowbro|72/100 tox|[from] psn
|upkeep
|turn|163
|inactive|Kretensky has 30 seconds left this turn.
|inactive|Kretensky has 20 seconds left.
|
|t:|1711945785
|switch|p1a: Funbro|Slowbro, M|100/100 brn
|switch|p2a: Zapdos|Zapdos|89/100 tox
|-ability|p2a: Zapdos|Pressure
|
|-heal|p2a: Zapdos|95/100 tox|[from] item: Leftovers
|-damage|p2a: Zapdos|89/100 tox|[from] psn
|-damage|p1a: Funbro|88/100 brn|[from] brn
|upkeep
|turn|164
|inactive|Kretensky has 25 seconds left this turn.
|inactive|Kretensky has 20 seconds left.
|
|t:|1711945790
|switch|p2a: Slowbro|Slowbro, F|100/100 tox
|switch|p1a: Joe|Gliscor, M, shiny|88/100 tox
|
|-heal|p1a: Joe|100/100 tox|[from] ability: Poison Heal
|-damage|p2a: Slowbro|94/100 tox|[from] psn
|upkeep
|turn|165
|inactive|Kretensky has 25 seconds left this turn.
|
|t:|1711945793
|switch|p1a: Funbro|Slowbro, M|100/100 brn
|switch|p2a: Zapdos|Zapdos|89/100 tox
|-ability|p2a: Zapdos|Pressure
|
|-heal|p2a: Zapdos|95/100 tox|[from] item: Leftovers
|-damage|p2a: Zapdos|89/100 tox|[from] psn
|-damage|p1a: Funbro|88/100 brn|[from] brn
|upkeep
|turn|166
|inactive|Kretensky has 30 seconds left this turn.
|
|t:|1711945798
|switch|p2a: Slowbro|Slowbro, F|100/100 tox
|switch|p1a: Joe|Gliscor, M, shiny|100/100 tox
|
|-damage|p2a: Slowbro|94/100 tox|[from] psn
|upkeep
|turn|167
|
|t:|1711945800
|switch|p1a: Funbro|Slowbro, M|100/100 brn
|move|p2a: Slowbro|Toxic||[still]
|-fail|p2a: Slowbro
|
|-damage|p2a: Slowbro|82/100 tox|[from] psn
|-damage|p1a: Funbro|88/100 brn|[from] brn
|upkeep
|turn|168
Kretensky is offering a tie.
|inactive|Kretensky has 30 seconds left.
|
|t:|1711945813
|switch|p1a: Joe|Gliscor, M, shiny|100/100 tox
|move|p2a: Slowbro|Scald|p1a: Joe
|-supereffective|p1a: Joe
|-damage|p1a: Joe|38/100 tox
|
|-heal|p1a: Joe|50/100 tox|[from] ability: Poison Heal
|-damage|p2a: Slowbro|64/100 tox|[from] psn
|upkeep
|turn|169
|
|t:|1711945820
|move|p1a: Joe|Protect|p1a: Joe
|-singleturn|p1a: Joe|Protect
|move|p2a: Slowbro|Ice Beam|p1a: Joe
|-activate|p1a: Joe|move: Protect
|
|-heal|p1a: Joe|63/100 tox|[from] ability: Poison Heal
|-damage|p2a: Slowbro|39/100 tox|[from] psn
|upkeep
|turn|170
|inactive|Kretensky has 30 seconds left.
|
|t:|1711945835
|switch|p2a: Zapdos|Zapdos|89/100 tox
|-ability|p2a: Zapdos|Pressure
|move|p1a: Joe|Earthquake|p2a: Zapdos
|-immune|p2a: Zapdos
|
|-heal|p2a: Zapdos|95/100 tox|[from] item: Leftovers
|-damage|p2a: Zapdos|89/100 tox|[from] psn
|-heal|p1a: Joe|75/100 tox|[from] ability: Poison Heal
|upkeep
|turn|171
|inactive|Kretensky has 30 seconds left this turn.
|
|t:|1711945843
|switch|p2a: Slowbro|Slowbro, F|73/100 tox
|move|p1a: Joe|Protect||[still]
|-fail|p1a: Joe
|
|-heal|p1a: Joe|88/100 tox|[from] ability: Poison Heal
|-damage|p2a: Slowbro|67/100 tox|[from] psn
|upkeep
|turn|172
|inactive|Kretensky has 30 seconds left this turn.
|
|t:|1711945848
|switch|p1a: Funbro|Slowbro, M|100/100 brn
|switch|p2a: Zapdos|Zapdos|89/100 tox
|-ability|p2a: Zapdos|Pressure
|
|-heal|p2a: Zapdos|95/100 tox|[from] item: Leftovers
|-damage|p2a: Zapdos|89/100 tox|[from] psn
|-damage|p1a: Funbro|88/100 brn|[from] brn
|upkeep
|turn|173
|inactive|Kretensky has 30 seconds left.
|
|t:|1711945854
|switch|p2a: Slowbro|Slowbro, F|99/100 tox
|switch|p1a: Joe|Gliscor, M, shiny|88/100 tox
|
|-heal|p1a: Joe|99/100 tox|[from] ability: Poison Heal
|-damage|p2a: Slowbro|94/100 tox|[from] psn
|upkeep
|turn|174
|
|t:|1711945857
|switch|p1a: Funbro|Slowbro, M|100/100 brn
|move|p2a: Slowbro|Ice Beam|p1a: Funbro
|-resisted|p1a: Funbro
|-damage|p1a: Funbro|89/100 brn
|
|-heal|p1a: Funbro|95/100 brn|[from] item: Leftovers
|-damage|p2a: Slowbro|82/100 tox|[from] psn
|-damage|p1a: Funbro|83/100 brn|[from] brn
|upkeep
|turn|175
|
|t:|1711945867
|switch|p1a: I savour your hits|Chansey, F|70/100
|move|p2a: Slowbro|Ice Beam|p1a: I savour your hits
|-damage|p1a: I savour your hits|64/100
|
|-damage|p2a: Slowbro|63/100 tox|[from] psn
|upkeep
|turn|176
|
|t:|1711945873
|switch|p2a: Zapdos|Zapdos|89/100 tox
|-ability|p2a: Zapdos|Pressure
|move|p1a: I savour your hits|Stealth Rock|p2a: Zapdos
|-sidestart|p2: NtRiver|move: Stealth Rock
|
|-heal|p2a: Zapdos|95/100 tox|[from] item: Leftovers
|-damage|p2a: Zapdos|89/100 tox|[from] psn
|upkeep
|turn|177
|
|t:|1711945880
|move|p2a: Zapdos|Defog|p1a: I savour your hits
|-unboost|p1a: I savour your hits|evasion|1
|-sideend|p2: NtRiver|Stealth Rock|[from] move: Defog|[of] p2a: Zapdos
|move|p1a: I savour your hits|Soft-Boiled|p1a: I savour your hits
|-heal|p1a: I savour your hits|100/100
|
|-heal|p2a: Zapdos|95/100 tox|[from] item: Leftovers
|-damage|p2a: Zapdos|83/100 tox|[from] psn
|upkeep
|turn|178
|
|t:|1711945884
|switch|p2a: Scizor|Scizor-Mega, F|100/100
|move|p1a: I savour your hits|Stealth Rock|p2a: Scizor
|-sidestart|p2: NtRiver|move: Stealth Rock
|
|upkeep
|turn|179
|
|t:|1711945888
|switch|p1a: Joe|Gliscor, M, shiny|99/100 tox
|move|p2a: Scizor|Defog|p1a: Joe
|-unboost|p1a: Joe|evasion|1
|-sideend|p2: NtRiver|Stealth Rock|[from] move: Defog|[of] p2a: Scizor
|
|-heal|p1a: Joe|100/100 tox|[from] ability: Poison Heal
|upkeep
|turn|180
|
|t:|1711945894
|switch|p1a: Funbro|Slowbro, M|100/100 brn
|switch|p2a: Zapdos|Zapdos|83/100 tox
|-ability|p2a: Zapdos|Pressure
|
|-heal|p2a: Zapdos|89/100 tox|[from] item: Leftovers
|-damage|p2a: Zapdos|83/100 tox|[from] psn
|-damage|p1a: Funbro|88/100 brn|[from] brn
|upkeep
|turn|181
|
|t:|1711945898
|switch|p2a: Slowbro|Slowbro, F|97/100 tox
|switch|p1a: Joe|Gliscor, M, shiny|100/100 tox
|
|-damage|p2a: Slowbro|91/100 tox|[from] psn
|upkeep
|turn|182
|
|t:|1711945901
|switch|p1a: Funbro|Slowbro, M|100/100 brn
|switch|p2a: Zapdos|Zapdos|83/100 tox
|-ability|p2a: Zapdos|Pressure
|
|-heal|p2a: Zapdos|89/100 tox|[from] item: Leftovers
|-damage|p2a: Zapdos|83/100 tox|[from] psn
|-damage|p1a: Funbro|88/100 brn|[from] brn
|upkeep
|turn|183
|
|t:|1711945906
|switch|p2a: Slowbro|Slowbro, F|100/100 tox
|switch|p1a: Joe|Gliscor, M, shiny|100/100 tox
|
|-damage|p2a: Slowbro|94/100 tox|[from] psn
|upkeep
|turn|184
|
|t:|1711945910
|switch|p1a: Funbro|Slowbro, M|100/100 brn
|move|p2a: Slowbro|Scald|p1a: Funbro
|-resisted|p1a: Funbro
|-damage|p1a: Funbro|86/100 brn
|
|-heal|p1a: Funbro|92/100 brn|[from] item: Leftovers
|-damage|p2a: Slowbro|82/100 tox|[from] psn
|-damage|p1a: Funbro|80/100 brn|[from] brn
|upkeep
|turn|185
|
|t:|1711945920
|move|p2a: Slowbro|Toxic||[still]
|-fail|p2a: Slowbro
|move|p1a: Funbro|Scald|p2a: Slowbro
|-resisted|p2a: Slowbro
|-damage|p2a: Slowbro|68/100 tox
|
|-heal|p1a: Funbro|86/100 brn|[from] item: Leftovers
|-damage|p2a: Slowbro|50/100 tox|[from] psn
|-damage|p1a: Funbro|74/100 brn|[from] brn
|upkeep
|turn|186
|
|t:|1711945929
|switch|p2a: Gastrodon|Gastrodon, F|88/100 tox
|move|p1a: Funbro|Scald|p2a: Gastrodon
|-ability|p2a: Gastrodon|Storm Drain|boost
|-boost|p2a: Gastrodon|spa|1
|
|-heal|p2a: Gastrodon|94/100 tox|[from] item: Leftovers
|-heal|p1a: Funbro|80/100 brn|[from] item: Leftovers
|-damage|p2a: Gastrodon|88/100 tox|[from] psn
|-damage|p1a: Funbro|67/100 brn|[from] brn
|upkeep
|turn|187
|
|t:|1711945935
|switch|p2a: Slowbro|Slowbro, F|83/100 tox
|switch|p1a: I savour your hits|Chansey, F|100/100
|
|-damage|p2a: Slowbro|77/100 tox|[from] psn
|upkeep
|turn|188
|
|t:|1711945940
|switch|p1a: Funbro|Slowbro, M|100/100 brn
|switch|p2a: Zapdos|Zapdos|83/100 tox
|-ability|p2a: Zapdos|Pressure
|
|-heal|p2a: Zapdos|89/100 tox|[from] item: Leftovers
|-damage|p2a: Zapdos|83/100 tox|[from] psn
|-damage|p1a: Funbro|88/100 brn|[from] brn
|upkeep
|turn|189
|
|t:|1711945947
|switch|p2a: Slowbro|Slowbro, F|100/100 tox
|switch|p1a: Joe|Gliscor, M, shiny|100/100 tox
|
|-damage|p2a: Slowbro|94/100 tox|[from] psn
|upkeep
|turn|190
|
|t:|1711945952
|switch|p1a: TGI Fridays|Zapdos|82/100 tox
|-ability|p1a: TGI Fridays|Pressure
|move|p2a: Slowbro|Ice Beam|p1a: TGI Fridays
|-supereffective|p1a: TGI Fridays
|-damage|p1a: TGI Fridays|39/100 tox
|
|-heal|p1a: TGI Fridays|45/100 tox|[from] item: Leftovers
|-damage|p1a: TGI Fridays|39/100 tox|[from] psn
|-damage|p2a: Slowbro|82/100 tox|[from] psn
|upkeep
|turn|191
|
|t:|1711945957
|switch|p2a: Chansey|Chansey, F|78/100
|move|p1a: TGI Fridays|Roost|p1a: TGI Fridays
|-heal|p1a: TGI Fridays|89/100 tox
|-singleturn|p1a: TGI Fridays|move: Roost
|
|-heal|p1a: TGI Fridays|95/100 tox|[from] item: Leftovers
|-damage|p1a: TGI Fridays|83/100 tox|[from] psn
|upkeep
|turn|192
|
|t:|1711945964
|switch|p1a: Iron Mike|Ferrothorn, M, shiny|100/100
|move|p2a: Chansey|Stealth Rock|p1a: Iron Mike
|-sidestart|p1: Kretensky|move: Stealth Rock
|
|upkeep
|turn|193
|
|t:|1711945970
|switch|p2a: Zapdos|Zapdos|83/100 tox
|-ability|p2a: Zapdos|Pressure
|move|p1a: Iron Mike|Spikes|p2a: Zapdos
|-sidestart|p2: NtRiver|Spikes
|
|-heal|p2a: Zapdos|89/100 tox|[from] item: Leftovers
|-damage|p2a: Zapdos|83/100 tox|[from] psn
|upkeep
|turn|194
|inactive|Kretensky has 90 seconds left.
|
|t:|1711945977
|switch|p1a: Joe|Gliscor, M, shiny|100/100 tox
|-damage|p1a: Joe|88/100 tox|[from] Stealth Rock
|move|p2a: Zapdos|Heat Wave|p1a: Joe
|-damage|p1a: Joe|54/100 tox
|
|-heal|p2a: Zapdos|89/100 tox|[from] item: Leftovers
|-damage|p2a: Zapdos|77/100 tox|[from] psn
|-heal|p1a: Joe|67/100 tox|[from] ability: Poison Heal
|upkeep
|turn|195
|inactive|Kretensky has 90 seconds left.
|
|t:|1711945987
|switch|p2a: Slowbro|Slowbro, F|100/100 tox
|-damage|p2a: Slowbro|88/100 tox|[from] Spikes
|move|p1a: Joe|Protect||[still]
|-fail|p1a: Joe
|
|-heal|p1a: Joe|79/100 tox|[from] ability: Poison Heal
|-damage|p2a: Slowbro|82/100 tox|[from] psn
|upkeep
|turn|196
|
|t:|1711945991
|switch|p1a: Funbro|Slowbro, M|100/100 brn
|-damage|p1a: Funbro|88/100 brn|[from] Stealth Rock
|switch|p2a: Zapdos|Zapdos|77/100 tox
|-ability|p2a: Zapdos|Pressure
|
|-heal|p2a: Zapdos|83/100 tox|[from] item: Leftovers
|-heal|p1a: Funbro|94/100 brn|[from] item: Leftovers
|-damage|p2a: Zapdos|77/100 tox|[from] psn
|-damage|p1a: Funbro|82/100 brn|[from] brn
|upkeep
|turn|197
|inactive|Kretensky has 90 seconds left.
|
|t:|1711946000
|switch|p2a: Slowbro|Slowbro, F|100/100 tox
|-damage|p2a: Slowbro|88/100 tox|[from] Spikes
|switch|p1a: I savour your hits|Chansey, F|100/100
|-damage|p1a: I savour your hits|88/100|[from] Stealth Rock
|
|-damage|p2a: Slowbro|82/100 tox|[from] psn
|upkeep
|turn|198
|
|t:|1711946006
|switch|p2a: Zapdos|Zapdos|77/100 tox
|-ability|p2a: Zapdos|Pressure
|move|p1a: I savour your hits|Stealth Rock|p2a: Zapdos
|-sidestart|p2: NtRiver|move: Stealth Rock
|
|-heal|p2a: Zapdos|83/100 tox|[from] item: Leftovers
|-damage|p2a: Zapdos|77/100 tox|[from] psn
|upkeep
|turn|199
|
|t:|1711946011
|move|p2a: Zapdos|Defog|p1a: I savour your hits
|-unboost|p1a: I savour your hits|evasion|1
|-sideend|p1: Kretensky|Stealth Rock|[from] move: Defog|[of] p2a: Zapdos
|-sideend|p2: NtRiver|Spikes|[from] move: Defog|[of] p2a: Zapdos
|-sideend|p2: NtRiver|Stealth Rock|[from] move: Defog|[of] p2a: Zapdos
|move|p1a: I savour your hits|Stealth Rock|p2a: Zapdos
|-sidestart|p2: NtRiver|move: Stealth Rock
|
|-heal|p2a: Zapdos|83/100 tox|[from] item: Leftovers
|-damage|p2a: Zapdos|71/100 tox|[from] psn
|upkeep
|turn|200
|
|t:|1711946016
|move|p2a: Zapdos|Defog|p1a: I savour your hits
|-unboost|p1a: I savour your hits|evasion|1
|-sideend|p2: NtRiver|Stealth Rock|[from] move: Defog|[of] p2a: Zapdos
|move|p1a: I savour your hits|Seismic Toss|p2a: Zapdos
|-damage|p2a: Zapdos|43/100 tox
|
|-heal|p2a: Zapdos|49/100 tox|[from] item: Leftovers
|-damage|p2a: Zapdos|31/100 tox|[from] psn
|upkeep
|turn|201
|
|t:|1711946024
|switch|p2a: Slowbro|Slowbro, F|100/100 tox
|move|p1a: I savour your hits|Seismic Toss|p2a: Slowbro
|-damage|p2a: Slowbro|75/100 tox
|-damage|p1a: I savour your hits|71/100|[from] item: Rocky Helmet|[of] p2a: Slowbro
|
|-damage|p2a: Slowbro|69/100 tox|[from] psn
|upkeep
|turn|202
|
|t:|1711946031
|move|p1a: I savour your hits|Soft-Boiled|p1a: I savour your hits
|-heal|p1a: I savour your hits|100/100
|move|p2a: Slowbro|Slack Off|p2a: Slowbro
|-heal|p2a: Slowbro|100/100 tox
|
|-damage|p2a: Slowbro|88/100 tox|[from] psn
|upkeep
|turn|203
|
|t:|1711946037
|switch|p1a: TGI Fridays|Zapdos|83/100 tox
|-ability|p1a: TGI Fridays|Pressure
|move|p2a: Slowbro|Toxic|p1a: TGI Fridays
|-fail|p1a: TGI Fridays|tox
|
|-heal|p1a: TGI Fridays|89/100 tox|[from] item: Leftovers
|-damage|p1a: TGI Fridays|83/100 tox|[from] psn
|-damage|p2a: Slowbro|70/100 tox|[from] psn
|upkeep
|turn|204
|
|t:|1711946041
|switch|p2a: Gastrodon|Gastrodon, F|88/100 tox
|move|p1a: TGI Fridays|Heat Wave|p2a: Gastrodon
|-resisted|p2a: Gastrodon
|-damage|p2a: Gastrodon|78/100 tox
|
|-heal|p1a: TGI Fridays|89/100 tox|[from] item: Leftovers
|-heal|p2a: Gastrodon|84/100 tox|[from] item: Leftovers
|-damage|p1a: TGI Fridays|77/100 tox|[from] psn
|-damage|p2a: Gastrodon|78/100 tox|[from] psn
|upkeep
|turn|205
|
|t:|1711946046
|switch|p1a: Iron Mike|Ferrothorn, M, shiny|100/100
|switch|p2a: Chansey|Chansey, F|78/100
|
|upkeep
|turn|206
|
|t:|1711946049
|switch|p2a: Zapdos|Zapdos|31/100 tox
|-ability|p2a: Zapdos|Pressure
|move|p1a: Iron Mike|Leech Seed|p2a: Zapdos
|-start|p2a: Zapdos|move: Leech Seed
|
|-heal|p2a: Zapdos|37/100 tox|[from] item: Leftovers
|-damage|p2a: Zapdos|25/100 tox|[from] Leech Seed|[of] p1a: Iron Mike
|-damage|p2a: Zapdos|19/100 tox|[from] psn
|upkeep
|turn|207
|
|t:|1711946054
|move|p1a: Iron Mike|Protect|p1a: Iron Mike
|-singleturn|p1a: Iron Mike|Protect
|move|p2a: Zapdos|Roost|p2a: Zapdos
|-heal|p2a: Zapdos|69/100 tox
|-singleturn|p2a: Zapdos|move: Roost
|
|-heal|p2a: Zapdos|75/100 tox|[from] item: Leftovers
|-damage|p2a: Zapdos|63/100 tox|[from] Leech Seed|[of] p1a: Iron Mike
|-damage|p2a: Zapdos|51/100 tox|[from] psn
|upkeep
|turn|208
|
|t:|1711946062
|switch|p2a: Scizor|Scizor-Mega, F|100/100
|switch|p1a: Quagyu|Quagsire, M|69/100
|
|-heal|p1a: Quagyu|75/100|[from] item: Leftovers
|upkeep
|turn|209
|
|t:|1711946076
|switch|p2a: Slowbro|Slowbro, F|100/100 tox
|switch|p1a: Funbro|Slowbro, M|100/100 brn
|
|-damage|p2a: Slowbro|94/100 tox|[from] psn
|-damage|p1a: Funbro|88/100 brn|[from] brn
|upkeep
|turn|210
|
|t:|1711946082
|switch|p1a: Iron Mike|Ferrothorn, M, shiny|100/100
|move|p2a: Slowbro|Scald|p1a: Iron Mike
|-resisted|p1a: Iron Mike
|-damage|p1a: Iron Mike|91/100
|
|-heal|p1a: Iron Mike|97/100|[from] item: Leftovers
|-damage|p2a: Slowbro|82/100 tox|[from] psn
|upkeep
|turn|211
|
|t:|1711946090
|move|p2a: Slowbro|Scald|p1a: Iron Mike
|-resisted|p1a: Iron Mike
|-damage|p1a: Iron Mike|87/100
|move|p1a: Iron Mike|Spikes|p2a: Slowbro
|-sidestart|p2: NtRiver|Spikes
|
|-heal|p1a: Iron Mike|94/100|[from] item: Leftovers
|-damage|p2a: Slowbro|64/100 tox|[from] psn
|upkeep
|turn|212
|inactive|Kretensky has 90 seconds left.
|
|t:|1711946096
|switch|p2a: Zapdos|Zapdos|51/100 tox
|-ability|p2a: Zapdos|Pressure
|move|p1a: Iron Mike|Spikes|p2a: Zapdos
|-sidestart|p2: NtRiver|Spikes
|
|-heal|p2a: Zapdos|57/100 tox|[from] item: Leftovers
|-heal|p1a: Iron Mike|99/100|[from] item: Leftovers
|-damage|p2a: Zapdos|51/100 tox|[from] psn
|upkeep
|turn|213
|
|t:|1711946099
|move|p2a: Zapdos|Roost|p2a: Zapdos
|-heal|p2a: Zapdos|100/100 tox
|-singleturn|p2a: Zapdos|move: Roost
|move|p1a: Iron Mike|Leech Seed|p2a: Zapdos
|-start|p2a: Zapdos|move: Leech Seed
|
|-heal|p1a: Iron Mike|100/100|[from] item: Leftovers
|-damage|p2a: Zapdos|88/100 tox|[from] Leech Seed|[of] p1a: Iron Mike
|-damage|p2a: Zapdos|76/100 tox|[from] psn
|upkeep
|turn|214
|inactive|Kretensky has 90 seconds left.
|
|t:|1711946107
|switch|p2a: Scizor|Scizor-Mega, F|100/100
|-damage|p2a: Scizor|84/100|[from] Spikes
|switch|p1a: Quagyu|Quagsire, M|75/100
|
|-heal|p1a: Quagyu|81/100|[from] item: Leftovers
|upkeep
|turn|215
|
|t:|1711946109
|move|p2a: Scizor|Defog|p1a: Quagyu
|-unboost|p1a: Quagyu|evasion|1
|-sideend|p2: NtRiver|Spikes|[from] move: Defog|[of] p2a: Scizor
|move|p1a: Quagyu|Scald|p2a: Scizor
|-crit|p2a: Scizor
|-damage|p2a: Scizor|57/100
|-status|p2a: Scizor|brn
|
|-heal|p1a: Quagyu|87/100|[from] item: Leftovers
|-damage|p2a: Scizor|45/100 brn|[from] brn
|upkeep
|turn|216
|inactive|Kretensky has 90 seconds left.
|
|t:|1711946121
|switch|p1a: Iron Mike|Ferrothorn, M, shiny|100/100
|move|p2a: Scizor|Roost|p2a: Scizor
|-heal|p2a: Scizor|95/100 brn
|-singleturn|p2a: Scizor|move: Roost
|
|-damage|p2a: Scizor|82/100 brn|[from] brn
|upkeep
|turn|217
|
|t:|1711946127
|switch|p2a: Zapdos|Zapdos|76/100 tox
|-ability|p2a: Zapdos|Pressure
|switch|p1a: Joe|Gliscor, M, shiny|79/100 tox
|
|-heal|p2a: Zapdos|82/100 tox|[from] item: Leftovers
|-damage|p2a: Zapdos|76/100 tox|[from] psn
|-heal|p1a: Joe|92/100 tox|[from] ability: Poison Heal
|upkeep
|turn|218
|
|t:|1711946134
|switch|p2a: Chansey|Chansey, F|78/100
|switch|p1a: I savour your hits|Chansey, F|100/100
|
|upkeep
|turn|219
|
|t:|1711946139
|switch|p1a: Iron Mike|Ferrothorn, M, shiny|100/100
|move|p2a: Chansey|Heal Bell|p2a: Chansey
|-activate|p2a: Chansey|move: Heal Bell
|-curestatus|p2: Gastrodon|tox|[msg]
|-curestatus|p2: Slowbro|tox|[msg]
|-curestatus|p2: Scizor|brn|[msg]
|-curestatus|p2: Zapdos|tox|[msg]
|
|upkeep
|turn|220
Kretensky is offering a tie.
NtRiver rejected the tie.
|c|☆Kretensky|lol
|
|t:|1711946161
|switch|p2a: Zapdos|Zapdos|76/100
|-ability|p2a: Zapdos|Pressure
|move|p1a: Iron Mike|Spikes|p2a: Zapdos
|-sidestart|p2: NtRiver|Spikes
|
|-heal|p2a: Zapdos|82/100|[from] item: Leftovers
|upkeep
|turn|221
|
|t:|1711946167
|switch|p1a: Joe|Gliscor, M, shiny|92/100 tox
|move|p2a: Zapdos|Heat Wave|p1a: Joe
|-damage|p1a: Joe|62/100 tox
|
|-heal|p2a: Zapdos|88/100|[from] item: Leftovers
|-heal|p1a: Joe|74/100 tox|[from] ability: Poison Heal
|upkeep
|turn|222
|
|t:|1711946173
|move|p2a: Zapdos|Defog|p1a: Joe
|-unboost|p1a: Joe|evasion|1
|-sideend|p2: NtRiver|Spikes|[from] move: Defog|[of] p2a: Zapdos
|move|p1a: Joe|Toxic|p2a: Zapdos
|-status|p2a: Zapdos|tox
|
|-heal|p2a: Zapdos|94/100 tox|[from] item: Leftovers
|-damage|p2a: Zapdos|88/100 tox|[from] psn
|-heal|p1a: Joe|86/100 tox|[from] ability: Poison Heal
|upkeep
|turn|223
|
|t:|1711946183
|switch|p2a: Chansey|Chansey, F|78/100
|switch|p1a: I savour your hits|Chansey, F|100/100
|
|upkeep
|turn|224
|inactive|Kretensky has 60 seconds left.
|
|t:|1711946188
|switch|p1a: Iron Mike|Ferrothorn, M, shiny|100/100
|move|p2a: Chansey|Stealth Rock|p1a: Iron Mike
|-sidestart|p1: Kretensky|move: Stealth Rock
|
|upkeep
|turn|225
|
|t:|1711946192
|switch|p2a: Zapdos|Zapdos|88/100 tox
|-ability|p2a: Zapdos|Pressure
|move|p1a: Iron Mike|Spikes|p2a: Zapdos
|-sidestart|p2: NtRiver|Spikes
|
|-heal|p2a: Zapdos|94/100 tox|[from] item: Leftovers
|-damage|p2a: Zapdos|88/100 tox|[from] psn
|upkeep
|turn|226
|inactive|Kretensky has 60 seconds left.
|
|t:|1711946200
|switch|p2a: Scizor|Scizor-Mega, F|82/100
|-damage|p2a: Scizor|70/100|[from] Spikes
|switch|p1a: Funbro|Slowbro, M|100/100 brn
|-damage|p1a: Funbro|88/100 brn|[from] Stealth Rock
|
|-heal|p1a: Funbro|94/100 brn|[from] item: Leftovers
|-damage|p1a: Funbro|82/100 brn|[from] brn
|upkeep
|turn|227
|inactive|Kretensky has 60 seconds left.
|
|t:|1711946208
|switch|p2a: Slowbro|Slowbro, F|97/100
|-damage|p2a: Slowbro|85/100|[from] Spikes
|switch|p1a: Quagyu|Quagsire, M|87/100
|-damage|p1a: Quagyu|81/100|[from] Stealth Rock
|
|-heal|p1a: Quagyu|87/100|[from] item: Leftovers
|upkeep
|turn|228
|
|t:|1711946212
|move|p2a: Slowbro|Toxic|p1a: Quagyu|[miss]
|-miss|p2a: Slowbro|p1a: Quagyu
|move|p1a: Quagyu|Toxic|p2a: Slowbro
|-status|p2a: Slowbro|tox
|
|-heal|p1a: Quagyu|93/100|[from] item: Leftovers
|-damage|p2a: Slowbro|79/100 tox|[from] psn
|upkeep
|turn|229
|
|t:|1711946215
|switch|p1a: Joe|Gliscor, M, shiny|86/100 tox
|-damage|p1a: Joe|74/100 tox|[from] Stealth Rock
|move|p2a: Slowbro|Scald|p1a: Joe
|-supereffective|p1a: Joe
|-damage|p1a: Joe|6/100 tox
|
|-heal|p1a: Joe|19/100 tox|[from] ability: Poison Heal
|-damage|p2a: Slowbro|66/100 tox|[from] psn
|upkeep
|turn|230
|inactive|Kretensky has 60 seconds left.
|
|t:|1711946221
|switch|p2a: Scizor|Scizor-Mega, F|70/100
|-damage|p2a: Scizor|58/100|[from] Spikes
|move|p1a: Joe|Protect||[still]
|-fail|p1a: Joe
|
|-heal|p1a: Joe|31/100 tox|[from] ability: Poison Heal
|upkeep
|turn|231
|inactive|Kretensky has 60 seconds left.
|
|t:|1711946233
|switch|p1a: Funbro|Slowbro, M|100/100 brn
|-damage|p1a: Funbro|88/100 brn|[from] Stealth Rock
|move|p2a: Scizor|Defog|p1a: Funbro
|-unboost|p1a: Funbro|evasion|1
|-sideend|p1: Kretensky|Stealth Rock|[from] move: Defog|[of] p2a: Scizor
|-sideend|p2: NtRiver|Spikes|[from] move: Defog|[of] p2a: Scizor
|
|-heal|p1a: Funbro|94/100 brn|[from] item: Leftovers
|-damage|p1a: Funbro|82/100 brn|[from] brn
|upkeep
|turn|232
|
|t:|1711946240
|switch|p2a: Slowbro|Slowbro, F|99/100 tox
|switch|p1a: Joe|Gliscor, M, shiny|31/100 tox
|
|-heal|p1a: Joe|43/100 tox|[from] ability: Poison Heal
|-damage|p2a: Slowbro|94/100 tox|[from] psn
|upkeep
|turn|233
|
|t:|1711946243
|switch|p1a: Funbro|Slowbro, M|100/100 brn
|move|p2a: Slowbro|Ice Beam|p1a: Funbro
|-resisted|p1a: Funbro
|-damage|p1a: Funbro|89/100 brn
|
|-heal|p1a: Funbro|95/100 brn|[from] item: Leftovers
|-damage|p2a: Slowbro|81/100 tox|[from] psn
|-damage|p1a: Funbro|83/100 brn|[from] brn
|upkeep
|turn|234
|
|t:|1711946253
|switch|p1a: TGI Fridays|Zapdos|77/100 tox
|-ability|p1a: TGI Fridays|Pressure
|move|p2a: Slowbro|Scald|p1a: TGI Fridays
|-damage|p1a: TGI Fridays|50/100 tox
|
|-heal|p1a: TGI Fridays|57/100 tox|[from] item: Leftovers
|-damage|p1a: TGI Fridays|50/100 tox|[from] psn
|-damage|p2a: Slowbro|63/100 tox|[from] psn
|upkeep
|turn|235
|
|t:|1711946261
|switch|p2a: Chansey|Chansey, F|78/100
|move|p1a: TGI Fridays|Roost|p1a: TGI Fridays
|-heal|p1a: TGI Fridays|100/100 tox
|-singleturn|p1a: TGI Fridays|move: Roost
|
|-damage|p1a: TGI Fridays|88/100 tox|[from] psn
|upkeep
|turn|236
|
|t:|1711946271
|move|p1a: TGI Fridays|Defog|p2a: Chansey
|-unboost|p2a: Chansey|evasion|1
|move|p2a: Chansey|Soft-Boiled|p2a: Chansey
|-heal|p2a: Chansey|100/100
|
|-heal|p1a: TGI Fridays|94/100 tox|[from] item: Leftovers
|-damage|p1a: TGI Fridays|75/100 tox|[from] psn
|upkeep
|turn|237
|
|t:|1711946283
|switch|p1a: Joe|Gliscor, M, shiny|43/100 tox
|move|p2a: Chansey|Stealth Rock|p1a: Joe
|-sidestart|p1: Kretensky|move: Stealth Rock
|
|-heal|p1a: Joe|56/100 tox|[from] ability: Poison Heal
|upkeep
|turn|238
|inactive|Kretensky has 30 seconds left.
|
|t:|1711946296
|switch|p2a: Zapdos|Zapdos|88/100 tox
|-ability|p2a: Zapdos|Pressure
|move|p1a: Joe|Substitute|p1a: Joe
|-start|p1a: Joe|Substitute
|-damage|p1a: Joe|31/100 tox
|
|-heal|p2a: Zapdos|94/100 tox|[from] item: Leftovers
|-damage|p2a: Zapdos|88/100 tox|[from] psn
|-heal|p1a: Joe|43/100 tox|[from] ability: Poison Heal
|upkeep
|turn|239
|inactive|Kretensky has 30 seconds left this turn.
|
|t:|1711946302
|switch|p2a: Slowbro|Slowbro, F|96/100 tox
|move|p1a: Joe|Substitute|p1a: Joe
|-fail|p1a: Joe|move: Substitute
|
|-heal|p1a: Joe|56/100 tox|[from] ability: Poison Heal
|-damage|p2a: Slowbro|90/100 tox|[from] psn
|upkeep
|turn|240
|inactive|Kretensky has 25 seconds left this turn.
|inactive|Kretensky has 20 seconds left.
|
|t:|1711946311
|switch|p1a: Iron Mike|Ferrothorn, M, shiny|100/100
|-damage|p1a: Iron Mike|94/100|[from] Stealth Rock
|switch|p2a: Zapdos|Zapdos|88/100 tox
|-ability|p2a: Zapdos|Pressure
|
|-heal|p2a: Zapdos|94/100 tox|[from] item: Leftovers
|-heal|p1a: Iron Mike|100/100|[from] item: Leftovers
|-damage|p2a: Zapdos|88/100 tox|[from] psn
|upkeep
|turn|241
|inactive|Kretensky has 25 seconds left this turn.
|inactive|Kretensky has 20 seconds left.
|
|t:|1711946319
|switch|p1a: Funbro|Slowbro, M|100/100 brn
|-damage|p1a: Funbro|88/100 brn|[from] Stealth Rock
|move|p2a: Zapdos|Heat Wave|p1a: Funbro|[miss]
|-miss|p2a: Zapdos|p1a: Funbro
|
|-heal|p2a: Zapdos|94/100 tox|[from] item: Leftovers
|-heal|p1a: Funbro|94/100 brn|[from] item: Leftovers
|-damage|p2a: Zapdos|82/100 tox|[from] psn
|-damage|p1a: Funbro|82/100 brn|[from] brn
|upkeep
|turn|242
|inactive|Kretensky has 20 seconds left this turn.
|inactive|Kretensky has 15 seconds left.
|
|t:|1711946326
|switch|p2a: Slowbro|Slowbro, F|100/100 tox
|switch|p1a: I savour your hits|Chansey, F|100/100
|-damage|p1a: I savour your hits|88/100|[from] Stealth Rock
|
|-damage|p2a: Slowbro|94/100 tox|[from] psn
|upkeep
|turn|243
|inactive|Kretensky has 20 seconds left this turn.
|inactive|Kretensky has 15 seconds left.
|
|t:|1711946335
|switch|p1a: Funbro|Slowbro, M|100/100 brn
|-damage|p1a: Funbro|88/100 brn|[from] Stealth Rock
|switch|p2a: Scizor|Scizor-Mega, F|58/100
|
|-heal|p1a: Funbro|94/100 brn|[from] item: Leftovers
|-damage|p1a: Funbro|82/100 brn|[from] brn
|upkeep
|turn|244
|inactive|Kretensky has 15 seconds left this turn.
|inactive|Kretensky has 10 seconds left.
|
|t:|1711946342
|switch|p2a: Slowbro|Slowbro, F|100/100 tox
|move|p1a: Funbro|Scald|p2a: Slowbro
|-resisted|p2a: Slowbro
|-damage|p2a: Slowbro|86/100 tox
|
|-heal|p1a: Funbro|88/100 brn|[from] item: Leftovers
|-damage|p2a: Slowbro|80/100 tox|[from] psn
|-damage|p1a: Funbro|75/100 brn|[from] brn
|upkeep
|turn|245
|inactive|Kretensky has 15 seconds left this turn.
|
|t:|1711946346
|switch|p2a: Gastrodon|Gastrodon, F|78/100
|switch|p1a: I savour your hits|Chansey, F|88/100
|-damage|p1a: I savour your hits|76/100|[from] Stealth Rock
|
|-heal|p2a: Gastrodon|84/100|[from] item: Leftovers
|upkeep
|turn|246
|inactive|Kretensky has 15 seconds left this turn.
|
|t:|1711946350
|switch|p1a: Funbro|Slowbro, M|100/100 brn
|-damage|p1a: Funbro|88/100 brn|[from] Stealth Rock
|move|p2a: Gastrodon|Scald|p1a: Funbro
|-resisted|p1a: Funbro
|-damage|p1a: Funbro|75/100 brn
|
|-heal|p2a: Gastrodon|90/100|[from] item: Leftovers
|-heal|p1a: Funbro|81/100 brn|[from] item: Leftovers
|-damage|p1a: Funbro|69/100 brn|[from] brn
|upkeep
|turn|247
|inactive|Kretensky has 20 seconds left this turn.
|
|t:|1711946354
|switch|p1a: I savour your hits|Chansey, F|76/100
|-damage|p1a: I savour your hits|63/100|[from] Stealth Rock
|move|p2a: Gastrodon|Scald|p1a: I savour your hits
|-damage|p1a: I savour your hits|55/100
|-status|p1a: I savour your hits|brn
|
|-heal|p2a: Gastrodon|96/100|[from] item: Leftovers
|-damage|p1a: I savour your hits|42/100 brn|[from] brn
|upkeep
|turn|248
|inactive|Kretensky has 20 seconds left this turn.
|
|t:|1711946357
|move|p1a: I savour your hits|Soft-Boiled|p1a: I savour your hits
|-heal|p1a: I savour your hits|93/100 brn
|move|p2a: Gastrodon|Scald|p1a: I savour your hits
|-damage|p1a: I savour your hits|85/100 brn
|
|-heal|p2a: Gastrodon|100/100|[from] item: Leftovers
|-damage|p1a: I savour your hits|72/100 brn|[from] brn
|upkeep
|turn|249
|inactive|Kretensky has 25 seconds left this turn.
|
|t:|1711946362
|-curestatus|p1a: I savour your hits|brn|[from] ability: Natural Cure
|switch|p1a: Iron Mike|Ferrothorn, M, shiny|100/100
|-damage|p1a: Iron Mike|94/100|[from] Stealth Rock
|move|p2a: Gastrodon|Toxic|p1a: Iron Mike
|-immune|p1a: Iron Mike
|
|-heal|p1a: Iron Mike|100/100|[from] item: Leftovers
|upkeep
|turn|250
|inactive|Kretensky has 25 seconds left this turn.
|
|t:|1711946366
|move|p2a: Gastrodon|Scald|p1a: Iron Mike
|-resisted|p1a: Iron Mike
|-damage|p1a: Iron Mike|92/100
|-status|p1a: Iron Mike|brn
|move|p1a: Iron Mike|Spikes|p2a: Gastrodon
|-sidestart|p2: NtRiver|Spikes
|
|-heal|p1a: Iron Mike|98/100 brn|[from] item: Leftovers
|-damage|p1a: Iron Mike|86/100 brn|[from] brn
|upkeep
|turn|251
|inactive|Kretensky has 30 seconds left this turn.
|
|t:|1711946373
|switch|p2a: Scizor|Scizor-Mega, F|58/100
|-damage|p2a: Scizor|46/100|[from] Spikes
|move|p1a: Iron Mike|Leech Seed|p2a: Scizor
|-start|p2a: Scizor|move: Leech Seed
|
|-heal|p1a: Iron Mike|92/100 brn|[from] item: Leftovers
|-damage|p2a: Scizor|33/100|[from] Leech Seed|[of] p1a: Iron Mike
|-heal|p1a: Iron Mike|100/100 brn|[silent]
|-damage|p1a: Iron Mike|88/100 brn|[from] brn
|upkeep
|turn|252
|inactive|Kretensky has 30 seconds left this turn.
|inactive|Kretensky has 20 seconds left.
|
|t:|1711946383
|move|p2a: Scizor|Roost|p2a: Scizor
|-heal|p2a: Scizor|84/100
|-singleturn|p2a: Scizor|move: Roost
|move|p1a: Iron Mike|Gyro Ball|p2a: Scizor
|-resisted|p2a: Scizor
|-damage|p2a: Scizor|78/100
|
|-heal|p1a: Iron Mike|94/100 brn|[from] item: Leftovers
|-damage|p2a: Scizor|66/100|[from] Leech Seed|[of] p1a: Iron Mike
|-heal|p1a: Iron Mike|100/100 brn|[silent]
|-damage|p1a: Iron Mike|88/100 brn|[from] brn
|upkeep
|turn|253
|inactive|Kretensky has 25 seconds left this turn.
|inactive|Kretensky has 20 seconds left.
|
|t:|1711946389
|switch|p1a: Funbro|Slowbro, M|100/100 brn
|-damage|p1a: Funbro|88/100 brn|[from] Stealth Rock
|move|p2a: Scizor|Roost|p2a: Scizor
|-heal|p2a: Scizor|100/100
|-singleturn|p2a: Scizor|move: Roost
|
|-heal|p1a: Funbro|94/100 brn|[from] item: Leftovers
|-damage|p2a: Scizor|88/100|[from] Leech Seed|[of] p1a: Funbro
|-heal|p1a: Funbro|100/100 brn|[silent]
|-damage|p1a: Funbro|88/100 brn|[from] brn
|upkeep
|turn|254
|inactive|Kretensky has 20 seconds left this turn.
|inactive|Kretensky has 15 seconds left.
|
|t:|1711946395
|switch|p2a: Slowbro|Slowbro, F|100/100 tox
|-damage|p2a: Slowbro|88/100 tox|[from] Spikes
|move|p1a: Funbro|Scald|p2a: Slowbro
|-resisted|p2a: Slowbro
|-damage|p2a: Slowbro|74/100 tox
|
|-heal|p1a: Funbro|94/100 brn|[from] item: Leftovers
|-damage|p2a: Slowbro|68/100 tox|[from] psn
|-damage|p1a: Funbro|82/100 brn|[from] brn
|upkeep
|turn|255
|inactive|Kretensky has 20 seconds left this turn.
|
|t:|1711946401
|switch|p2a: Chansey|Chansey, F|100/100
|-damage|p2a: Chansey|88/100|[from] Spikes
|move|p1a: Funbro|Fire Blast|p2a: Chansey
|-crit|p2a: Chansey
|-damage|p2a: Chansey|76/100
|
|-heal|p1a: Funbro|88/100 brn|[from] item: Leftovers
|-damage|p1a: Funbro|75/100 brn|[from] brn
|upkeep
|turn|256
|inactive|Kretensky has 20 seconds left this turn.
|inactive|Kretensky has 15 seconds left.
|
|t:|1711946409
|switch|p1a: I savour your hits|Chansey, F|72/100
|-damage|p1a: I savour your hits|60/100|[from] Stealth Rock
|move|p2a: Chansey|Soft-Boiled|p2a: Chansey
|-heal|p2a: Chansey|100/100
|
|upkeep
|turn|257
|inactive|Kretensky has 20 seconds left this turn.
|
|t:|1711946417
|switch|p2a: Zapdos|Zapdos|82/100 tox
|-ability|p2a: Zapdos|Pressure
|move|p1a: I savour your hits|Soft-Boiled|p1a: I savour your hits
|-heal|p1a: I savour your hits|100/100
|
|-heal|p2a: Zapdos|88/100 tox|[from] item: Leftovers
|-damage|p2a: Zapdos|82/100 tox|[from] psn
|upkeep
|turn|258
|inactive|Kretensky has 20 seconds left this turn.
|inactive|Kretensky has 15 seconds left.
|
|t:|1711946424
|switch|p1a: Joe|Gliscor, M, shiny|56/100 tox
|-damage|p1a: Joe|43/100 tox|[from] Stealth Rock
|move|p2a: Zapdos|Defog|p1a: Joe
|-unboost|p1a: Joe|evasion|1
|-sideend|p1: Kretensky|Stealth Rock|[from] move: Defog|[of] p2a: Zapdos
|-sideend|p2: NtRiver|Spikes|[from] move: Defog|[of] p2a: Zapdos
|
|-heal|p2a: Zapdos|88/100 tox|[from] item: Leftovers
|-damage|p2a: Zapdos|76/100 tox|[from] psn
|-heal|p1a: Joe|56/100 tox|[from] ability: Poison Heal
|upkeep
|turn|259
|inactive|Kretensky has 20 seconds left this turn.
|inactive|Kretensky has 15 seconds left.
|
|t:|1711946433
|switch|p2a: Slowbro|Slowbro, F|100/100 tox
|switch|p1a: I savour your hits|Chansey, F|100/100
|
|-damage|p2a: Slowbro|94/100 tox|[from] psn
|upkeep
|turn|260
|inactive|Kretensky has 15 seconds left this turn.
|inactive|Kretensky has 10 seconds left.
|
|t:|1711946440
|switch|p1a: Funbro|Slowbro, M|100/100 brn
|move|p2a: Slowbro|Toxic||[still]
|-fail|p2a: Slowbro
|
|-damage|p2a: Slowbro|82/100 tox|[from] psn
|-damage|p1a: Funbro|88/100 brn|[from] brn
|upkeep
|turn|261
|inactive|Kretensky has 15 seconds left this turn.
|inactive|Kretensky has 10 seconds left.
|
|t:|1711946447
|switch|p2a: Gastrodon|Gastrodon, F|100/100
|switch|p1a: I savour your hits|Chansey, F|100/100
|
|upkeep
|turn|262
|inactive|Kretensky has 10 seconds left this turn.
|
|t:|1711946450
|switch|p1a: Funbro|Slowbro, M|100/100 brn
|move|p2a: Gastrodon|Toxic||[still]
|-fail|p2a: Gastrodon
|
|-damage|p1a: Funbro|88/100 brn|[from] brn
|upkeep
|turn|263
|inactive|Kretensky has 15 seconds left this turn.
|inactive|Kretensky has 10 seconds left.
|
|t:|1711946456
|switch|p2a: Chansey|Chansey, F|100/100
|switch|p1a: Iron Mike|Ferrothorn, M, shiny|88/100 brn
|
|-heal|p1a: Iron Mike|94/100 brn|[from] item: Leftovers
|-damage|p1a: Iron Mike|82/100 brn|[from] brn
|upkeep
|turn|264
|inactive|Kretensky has 10 seconds left this turn.
|
|t:|1711946459
|switch|p2a: Zapdos|Zapdos|76/100 tox
|-ability|p2a: Zapdos|Pressure
|switch|p1a: Funbro|Slowbro, M|100/100 brn
|
|-heal|p2a: Zapdos|82/100 tox|[from] item: Leftovers
|-damage|p2a: Zapdos|76/100 tox|[from] psn
|-damage|p1a: Funbro|88/100 brn|[from] brn
|upkeep
|turn|265
|inactive|Kretensky has 15 seconds left this turn.
|
|t:|1711946465
|switch|p1a: Quagyu|Quagsire, M|93/100
|move|p2a: Zapdos|Discharge|p1a: Quagyu
|-immune|p1a: Quagyu
|
|-heal|p2a: Zapdos|82/100 tox|[from] item: Leftovers
|-heal|p1a: Quagyu|99/100|[from] item: Leftovers
|-damage|p2a: Zapdos|70/100 tox|[from] psn
|upkeep
|turn|266
|inactive|Kretensky has 15 seconds left this turn.
|inactive|Kretensky has 10 seconds left.
|
|t:|1711946470
|switch|p2a: Gastrodon|Gastrodon, F|100/100
|move|p1a: Quagyu|Scald|p2a: Gastrodon
|-ability|p2a: Gastrodon|Storm Drain|boost
|-boost|p2a: Gastrodon|spa|1
|
|-heal|p1a: Quagyu|100/100|[from] item: Leftovers
|upkeep
|turn|267
|inactive|Kretensky has 15 seconds left this turn.
|
|t:|1711946473
|switch|p1a: Funbro|Slowbro, M|100/100 brn
|move|p2a: Gastrodon|Toxic||[still]
|-fail|p2a: Gastrodon
|
|-damage|p1a: Funbro|88/100 brn|[from] brn
|upkeep
|turn|268
|inactive|Kretensky has 15 seconds left this turn.
|inactive|Kretensky has 10 seconds left.
|
|t:|1711946479
|switch|p1a: Iron Mike|Ferrothorn, M, shiny|82/100 brn
|move|p2a: Gastrodon|Toxic||[still]
|-fail|p2a: Gastrodon
|
|-heal|p1a: Iron Mike|88/100 brn|[from] item: Leftovers
|-damage|p1a: Iron Mike|75/100 brn|[from] brn
|upkeep
|turn|269
|inactive|Kretensky has 15 seconds left this turn.
|
|t:|1711946484
|move|p2a: Gastrodon|Toxic||[still]
|-fail|p2a: Gastrodon
|move|p1a: Iron Mike|Spikes|p2a: Gastrodon
|-sidestart|p2: NtRiver|Spikes
|
|-heal|p1a: Iron Mike|82/100 brn|[from] item: Leftovers
|-damage|p1a: Iron Mike|69/100 brn|[from] brn
|upkeep
|turn|270
|inactive|Kretensky has 15 seconds left this turn.
|
|t:|1711946490
|move|p2a: Gastrodon|Toxic||[still]
|-fail|p2a: Gastrodon
|move|p1a: Iron Mike|Gyro Ball|p2a: Gastrodon
|-resisted|p2a: Gastrodon
|-damage|p2a: Gastrodon|96/100
|
|-heal|p2a: Gastrodon|100/100|[from] item: Leftovers
|-heal|p1a: Iron Mike|75/100 brn|[from] item: Leftovers
|-damage|p1a: Iron Mike|63/100 brn|[from] brn
|upkeep
|turn|271
|inactive|Kretensky has 20 seconds left this turn.
|
|t:|1711946495
|switch|p2a: Zapdos|Zapdos|70/100 tox
|-ability|p2a: Zapdos|Pressure
|switch|p1a: Joe|Gliscor, M, shiny|56/100 tox
|
|-heal|p2a: Zapdos|76/100 tox|[from] item: Leftovers
|-damage|p2a: Zapdos|70/100 tox|[from] psn
|-heal|p1a: Joe|68/100 tox|[from] ability: Poison Heal
|upkeep
|turn|272
|inactive|Kretensky has 20 seconds left this turn.
|
|t:|1711946499
|move|p2a: Zapdos|Defog|p1a: Joe
|-unboost|p1a: Joe|evasion|1
|-sideend|p2: NtRiver|Spikes|[from] move: Defog|[of] p2a: Zapdos
|move|p1a: Joe|Toxic|p2a: Zapdos
|-fail|p2a: Zapdos|tox
|
|-heal|p2a: Zapdos|76/100 tox|[from] item: Leftovers
|-damage|p2a: Zapdos|64/100 tox|[from] psn
|-heal|p1a: Joe|81/100 tox|[from] ability: Poison Heal
|upkeep
|turn|273
|inactive|Kretensky has 25 seconds left this turn.
|inactive|Kretensky has 20 seconds left.
|
|t:|1711946505
|switch|p2a: Scizor|Scizor-Mega, F|88/100
|switch|p1a: Quagyu|Quagsire, M|100/100
|
|upkeep
|turn|274
|inactive|Kretensky has 20 seconds left this turn.
|inactive|Kretensky has 15 seconds left.
|
|t:|1711946511
|switch|p2a: Slowbro|Slowbro, F|100/100 tox
|move|p1a: Quagyu|Toxic|p2a: Slowbro
|-fail|p2a: Slowbro|tox
|
|-damage|p2a: Slowbro|94/100 tox|[from] psn
|upkeep
|turn|275
|inactive|Kretensky has 20 seconds left this turn.
|
|t:|1711946515
|switch|p1a: Funbro|Slowbro, M|100/100 brn
|move|p2a: Slowbro|Toxic||[still]
|-fail|p2a: Slowbro
|
|-damage|p2a: Slowbro|82/100 tox|[from] psn
|-damage|p1a: Funbro|88/100 brn|[from] brn
|upkeep
|turn|276
|inactive|Kretensky has 20 seconds left this turn.
|inactive|Kretensky has 15 seconds left.
|
|t:|1711946520
|switch|p1a: Iron Mike|Ferrothorn, M, shiny|63/100 brn
|move|p2a: Slowbro|Toxic||[still]
|-fail|p2a: Slowbro
|
|-heal|p1a: Iron Mike|69/100 brn|[from] item: Leftovers
|-damage|p2a: Slowbro|64/100 tox|[from] psn
|-damage|p1a: Iron Mike|57/100 brn|[from] brn
|upkeep
|turn|277
|inactive|Kretensky has 20 seconds left this turn.
|
|t:|1711946524
|switch|p2a: Zapdos|Zapdos|64/100 tox
|-ability|p2a: Zapdos|Pressure
|move|p1a: Iron Mike|Leech Seed|p2a: Zapdos
|-start|p2a: Zapdos|move: Leech Seed
|
|-heal|p2a: Zapdos|70/100 tox|[from] item: Leftovers
|-heal|p1a: Iron Mike|63/100 brn|[from] item: Leftovers
|-damage|p2a: Zapdos|58/100 tox|[from] Leech Seed|[of] p1a: Iron Mike
|-heal|p1a: Iron Mike|76/100 brn|[silent]
|-damage|p2a: Zapdos|52/100 tox|[from] psn
|-damage|p1a: Iron Mike|63/100 brn|[from] brn
|upkeep
|turn|278
|inactive|Kretensky has 20 seconds left this turn.
|inactive|Kretensky has 15 seconds left.
|
|t:|1711946532
|move|p2a: Zapdos|Roost|p2a: Zapdos
|-heal|p2a: Zapdos|100/100 tox
|-singleturn|p2a: Zapdos|move: Roost
|move|p1a: Iron Mike|Gyro Ball|p2a: Zapdos
|-resisted|p2a: Zapdos
|-damage|p2a: Zapdos|92/100 tox
|
|-heal|p2a: Zapdos|98/100 tox|[from] item: Leftovers
|-heal|p1a: Iron Mike|70/100 brn|[from] item: Leftovers
|-damage|p2a: Zapdos|86/100 tox|[from] Leech Seed|[of] p1a: Iron Mike
|-heal|p1a: Iron Mike|82/100 brn|[silent]
|-damage|p2a: Zapdos|74/100 tox|[from] psn
|-damage|p1a: Iron Mike|70/100 brn|[from] brn
|upkeep
|turn|279
|inactive|Kretensky has 20 seconds left this turn.
|inactive|Kretensky has 15 seconds left.
|
|t:|1711946538
|switch|p2a: Slowbro|Slowbro, F|97/100 tox
|move|p1a: Iron Mike|Protect||[still]
|-fail|p1a: Iron Mike
|
|-heal|p1a: Iron Mike|76/100 brn|[from] item: Leftovers
|-damage|p2a: Slowbro|91/100 tox|[from] psn
|-damage|p1a: Iron Mike|64/100 brn|[from] brn
|upkeep
|turn|280
|inactive|Kretensky has 15 seconds left this turn.
|
|t:|1711946542
|switch|p2a: Zapdos|Zapdos|74/100 tox
|-ability|p2a: Zapdos|Pressure
|switch|p1a: Funbro|Slowbro, M|100/100 brn
|
|-heal|p2a: Zapdos|80/100 tox|[from] item: Leftovers
|-damage|p2a: Zapdos|74/100 tox|[from] psn
|-damage|p1a: Funbro|88/100 brn|[from] brn
|upkeep
|turn|281
|inactive|Kretensky has 20 seconds left this turn.
|
|t:|1711946549
|switch|p2a: Slowbro|Slowbro, F|100/100 tox
|switch|p1a: Quagyu|Quagsire, M|100/100
|
|-damage|p2a: Slowbro|94/100 tox|[from] psn
|upkeep
|turn|282
|inactive|Kretensky has 20 seconds left this turn.
|inactive|Kretensky has 15 seconds left.
|
|t:|1711946557
|switch|p1a: Funbro|Slowbro, M|100/100 brn
|move|p2a: Slowbro|Toxic||[still]
|-fail|p2a: Slowbro
|
|-damage|p2a: Slowbro|82/100 tox|[from] psn
|-damage|p1a: Funbro|88/100 brn|[from] brn
|upkeep
|turn|283
|inactive|Kretensky has 20 seconds left this turn.
|inactive|Kretensky has 15 seconds left.
|
|t:|1711946565
|switch|p1a: Quagyu|Quagsire, M|100/100
|move|p2a: Slowbro|Ice Beam|p1a: Quagyu
|-damage|p1a: Quagyu|74/100
|
|-heal|p1a: Quagyu|80/100|[from] item: Leftovers
|-damage|p2a: Slowbro|64/100 tox|[from] psn
|upkeep
|turn|284
|inactive|Kretensky has 15 seconds left this turn.
|
|t:|1711946569
|switch|p1a: Funbro|Slowbro, M|100/100 brn
|move|p2a: Slowbro|Toxic||[still]
|-fail|p2a: Slowbro
|
|-damage|p2a: Slowbro|39/100 tox|[from] psn
|-damage|p1a: Funbro|88/100 brn|[from] brn
|upkeep
|turn|285
|inactive|Kretensky has 20 seconds left this turn.
|inactive|Kretensky has 15 seconds left.
|
|t:|1711946579
|switch|p2a: Gastrodon|Gastrodon, F|100/100
|move|p1a: Funbro|Toxic|p2a: Gastrodon
|-status|p2a: Gastrodon|tox
|
|-heal|p1a: Funbro|94/100 brn|[from] item: Leftovers
|-damage|p2a: Gastrodon|94/100 tox|[from] psn
|-damage|p1a: Funbro|82/100 brn|[from] brn
|upkeep
|turn|286
|inactive|Kretensky has 15 seconds left this turn.
|inactive|Kretensky has 10 seconds left.
|
|t:|1711946587
|switch|p2a: Slowbro|Slowbro, F|73/100 tox
|switch|p1a: I savour your hits|Chansey, F|100/100
|
|-damage|p2a: Slowbro|67/100 tox|[from] psn
|upkeep
|turn|287
|inactive|Kretensky has 15 seconds left this turn.
|inactive|Kretensky has 10 seconds left.
|
|t:|1711946596
|switch|p2a: Scizor|Scizor-Mega, F|88/100
|move|p1a: I savour your hits|Seismic Toss|p2a: Scizor
|-damage|p2a: Scizor|59/100
|
|upkeep
|turn|288
|inactive|Kretensky has 10 seconds left this turn.
|
|t:|1711946599
|move|p2a: Scizor|Roost|p2a: Scizor
|-heal|p2a: Scizor|100/100
|-singleturn|p2a: Scizor|move: Roost
|move|p1a: I savour your hits|Seismic Toss|p2a: Scizor
|-damage|p2a: Scizor|71/100
|
|upkeep
|turn|289
|inactive|Kretensky has 15 seconds left this turn.
|
|t:|1711946603
|switch|p1a: Joe|Gliscor, M, shiny|81/100 tox
|move|p2a: Scizor|Superpower|p1a: Joe
|-resisted|p1a: Joe
|-damage|p1a: Joe|68/100 tox
|-unboost|p2a: Scizor|atk|1
|-unboost|p2a: Scizor|def|1
|
|-heal|p1a: Joe|80/100 tox|[from] ability: Poison Heal
|upkeep
|turn|290
|inactive|Kretensky has 15 seconds left this turn.
|inactive|Kretensky has 10 seconds left.
|
|t:|1711946611
|switch|p1a: Funbro|Slowbro, M|100/100 brn
|switch|p2a: Zapdos|Zapdos|74/100 tox
|-ability|p2a: Zapdos|Pressure
|
|-heal|p2a: Zapdos|80/100 tox|[from] item: Leftovers
|-damage|p2a: Zapdos|74/100 tox|[from] psn
|-damage|p1a: Funbro|88/100 brn|[from] brn
|upkeep
|turn|291
|inactive|Kretensky has 15 seconds left this turn.
|inactive|Kretensky has 10 seconds left.
|
|t:|1711946627
|switch|p2a: Chansey|Chansey, F|100/100
|move|p1a: Funbro|Scald|p2a: Chansey
|-damage|p2a: Chansey|91/100
|
|-heal|p1a: Funbro|94/100 brn|[from] item: Leftovers
|-damage|p1a: Funbro|82/100 brn|[from] brn
|upkeep
|turn|292
|inactive|Kretensky has 10 seconds left this turn.
|
|t:|1711946631
|switch|p2a: Slowbro|Slowbro, F|99/100 tox
|switch|p1a: I savour your hits|Chansey, F|100/100
|
|-damage|p2a: Slowbro|94/100 tox|[from] psn
|upkeep
|turn|293
|inactive|Kretensky has 15 seconds left this turn.
|
|t:|1711946635
|switch|p1a: Funbro|Slowbro, M|100/100 brn
|move|p2a: Slowbro|Toxic||[still]
|-fail|p2a: Slowbro
|
|-damage|p2a: Slowbro|82/100 tox|[from] psn
|-damage|p1a: Funbro|88/100 brn|[from] brn
|upkeep
|turn|294
|inactive|Kretensky has 15 seconds left this turn.
|inactive|Kretensky has 10 seconds left.
|
|t:|1711946641
|switch|p1a: Joe|Gliscor, M, shiny|80/100 tox
|move|p2a: Slowbro|Toxic|p1a: Joe
|-fail|p1a: Joe|tox
|
|-heal|p1a: Joe|93/100 tox|[from] ability: Poison Heal
|-damage|p2a: Slowbro|63/100 tox|[from] psn
|upkeep
|turn|295
|inactive|Kretensky has 15 seconds left this turn.
|
|t:|1711946645
|switch|p1a: Funbro|Slowbro, M|100/100 brn
|switch|p2a: Zapdos|Zapdos|74/100 tox
|-ability|p2a: Zapdos|Pressure
|
|-heal|p2a: Zapdos|80/100 tox|[from] item: Leftovers
|-damage|p2a: Zapdos|74/100 tox|[from] psn
|-damage|p1a: Funbro|88/100 brn|[from] brn
|upkeep
|turn|296
|inactive|Kretensky has 15 seconds left this turn.
|inactive|Kretensky has 10 seconds left.
|
|t:|1711946653
|switch|p2a: Slowbro|Slowbro, F|97/100 tox
|switch|p1a: Quagyu|Quagsire, M|80/100
|
|-heal|p1a: Quagyu|86/100|[from] item: Leftovers
|-damage|p2a: Slowbro|91/100 tox|[from] psn
|upkeep
|turn|297
|inactive|Kretensky has 15 seconds left this turn.
|
|t:|1711946659
|switch|p1a: Funbro|Slowbro, M|100/100 brn
|move|p2a: Slowbro|Ice Beam|p1a: Funbro
|-resisted|p1a: Funbro
|-damage|p1a: Funbro|90/100 brn
|
|-heal|p1a: Funbro|96/100 brn|[from] item: Leftovers
|-damage|p2a: Slowbro|78/100 tox|[from] psn
|-damage|p1a: Funbro|84/100 brn|[from] brn
|upkeep
|turn|298
|inactive|Kretensky has 15 seconds left this turn.
|inactive|Kretensky has 10 seconds left.
|
|t:|1711946666
|move|p2a: Slowbro|Toxic||[still]
|-fail|p2a: Slowbro
|move|p1a: Funbro|Fire Blast|p2a: Slowbro
|-resisted|p2a: Slowbro
|-damage|p2a: Slowbro|65/100 tox
|
|-heal|p1a: Funbro|90/100 brn|[from] item: Leftovers
|-damage|p2a: Slowbro|47/100 tox|[from] psn
|-damage|p1a: Funbro|78/100 brn|[from] brn
|upkeep
|turn|299
|inactive|Kretensky has 15 seconds left this turn.
|
|t:|1711946670
|switch|p1a: Quagyu|Quagsire, M|86/100
|move|p2a: Slowbro|Slack Off|p2a: Slowbro
|-heal|p2a: Slowbro|97/100 tox
|
|-heal|p1a: Quagyu|92/100|[from] item: Leftovers
|-damage|p2a: Slowbro|73/100 tox|[from] psn
|upkeep
|turn|300
|inactive|Kretensky has 15 seconds left this turn.
|
|t:|1711946676
|switch|p2a: Chansey|Chansey, F|91/100
|switch|p1a: Funbro|Slowbro, M|100/100 brn
|
|-damage|p1a: Funbro|88/100 brn|[from] brn
|upkeep
|turn|301
|inactive|Kretensky has 20 seconds left this turn.
|
|t:|1711946681
|switch|p1a: I savour your hits|Chansey, F|100/100
|move|p2a: Chansey|Stealth Rock|p1a: I savour your hits
|-sidestart|p1: Kretensky|move: Stealth Rock
|
|upkeep
|turn|302
|inactive|Kretensky has 20 seconds left this turn.
|inactive|Kretensky has 15 seconds left.
|
|t:|1711946689
|switch|p1a: Iron Mike|Ferrothorn, M, shiny|64/100 brn
|-damage|p1a: Iron Mike|57/100 brn|[from] Stealth Rock
|move|p2a: Chansey|Heal Bell|p2a: Chansey
|-activate|p2a: Chansey|move: Heal Bell
|-curestatus|p2: Slowbro|tox|[msg]
|-curestatus|p2: Zapdos|tox|[msg]
|-curestatus|p2: Gastrodon|tox|[msg]
|
|-heal|p1a: Iron Mike|64/100 brn|[from] item: Leftovers
|-damage|p1a: Iron Mike|51/100 brn|[from] brn
|upkeep
|turn|303
|inactive|Kretensky has 20 seconds left this turn.
|
|t:|1711946692
|switch|p2a: Zapdos|Zapdos|74/100
|-ability|p2a: Zapdos|Pressure
|move|p1a: Iron Mike|Spikes|p2a: Zapdos
|-sidestart|p2: NtRiver|Spikes
|
|-heal|p2a: Zapdos|80/100|[from] item: Leftovers
|-heal|p1a: Iron Mike|57/100 brn|[from] item: Leftovers
|-damage|p1a: Iron Mike|45/100 brn|[from] brn
|upkeep
|turn|304
|inactive|Kretensky has 20 seconds left this turn.
|
|t:|1711946700
|move|p2a: Zapdos|Discharge|p1a: Iron Mike
|-resisted|p1a: Iron Mike
|-damage|p1a: Iron Mike|33/100 brn
|move|p1a: Iron Mike|Leech Seed|p2a: Zapdos
|-start|p2a: Zapdos|move: Leech Seed
|
|-heal|p2a: Zapdos|86/100|[from] item: Leftovers
|-heal|p1a: Iron Mike|39/100 brn|[from] item: Leftovers
|-damage|p2a: Zapdos|73/100|[from] Leech Seed|[of] p1a: Iron Mike
|-heal|p1a: Iron Mike|52/100 brn|[silent]
|-damage|p1a: Iron Mike|39/100 brn|[from] brn
|upkeep
|turn|305
|inactive|Kretensky has 25 seconds left this turn.
|inactive|Kretensky has 20 seconds left.
|inactive|Kretensky has 15 seconds left.
|
|t:|1711946713
|switch|p1a: I savour your hits|Chansey, F|100/100
|-damage|p1a: I savour your hits|88/100|[from] Stealth Rock
|move|p2a: Zapdos|Roost|p2a: Zapdos
|-heal|p2a: Zapdos|100/100
|-singleturn|p2a: Zapdos|move: Roost
|
|-damage|p2a: Zapdos|88/100|[from] Leech Seed|[of] p1a: I savour your hits
|-heal|p1a: I savour your hits|95/100|[silent]
|upkeep
|turn|306
|inactive|Kretensky has 15 seconds left this turn.
|inactive|Kretensky has 10 seconds left.
|
|t:|1711946720
|switch|p2a: Scizor|Scizor-Mega, F|71/100
|-damage|p2a: Scizor|59/100|[from] Spikes
|move|p1a: I savour your hits|Toxic|p2a: Scizor
|-immune|p2a: Scizor
|
|upkeep
|turn|307
|inactive|Kretensky has 15 seconds left this turn.
|
|t:|1711946724
|move|p2a: Scizor|Roost|p2a: Scizor
|-heal|p2a: Scizor|100/100
|-singleturn|p2a: Scizor|move: Roost
|move|p1a: I savour your hits|Seismic Toss|p2a: Scizor
|-damage|p2a: Scizor|71/100
|
|upkeep
|turn|308
|inactive|Kretensky has 15 seconds left this turn.
|
|t:|1711946727
|switch|p1a: Funbro|Slowbro, M|100/100 brn
|-damage|p1a: Funbro|88/100 brn|[from] Stealth Rock
|move|p2a: Scizor|Superpower|p1a: Funbro
|-resisted|p1a: Funbro
|-damage|p1a: Funbro|76/100 brn
|-unboost|p2a: Scizor|atk|1
|-unboost|p2a: Scizor|def|1
|
|-heal|p1a: Funbro|82/100 brn|[from] item: Leftovers
|-damage|p1a: Funbro|70/100 brn|[from] brn
|upkeep
|turn|309
|inactive|Kretensky has 20 seconds left this turn.
|inactive|Kretensky has 15 seconds left.
|
|t:|1711946733
|switch|p2a: Slowbro|Slowbro, F|100/100
|-damage|p2a: Slowbro|88/100|[from] Spikes
|switch|p1a: Quagyu|Quagsire, M|92/100
|-damage|p1a: Quagyu|86/100|[from] Stealth Rock
|
|-heal|p1a: Quagyu|92/100|[from] item: Leftovers
|upkeep
|turn|310
|inactive|Kretensky has 15 seconds left this turn.
|inactive|Kretensky has 10 seconds left.
|
|t:|1711946740
|move|p2a: Slowbro|Toxic|p1a: Quagyu
|-status|p1a: Quagyu|tox
|move|p1a: Quagyu|Toxic|p2a: Slowbro
|-status|p2a: Slowbro|tox
|
|-heal|p1a: Quagyu|98/100 tox|[from] item: Leftovers
|-damage|p2a: Slowbro|82/100 tox|[from] psn
|-damage|p1a: Quagyu|92/100 tox|[from] psn
|upkeep
|turn|311
|inactive|Kretensky has 15 seconds left this turn.
|
|t:|1711946747
|switch|p1a: Funbro|Slowbro, M|100/100 brn
|-damage|p1a: Funbro|88/100 brn|[from] Stealth Rock
|move|p2a: Slowbro|Scald|p1a: Funbro
|-resisted|p1a: Funbro
|-crit|p1a: Funbro
|-damage|p1a: Funbro|67/100 brn
|
|-heal|p1a: Funbro|73/100 brn|[from] item: Leftovers
|-damage|p2a: Slowbro|70/100 tox|[from] psn
|-damage|p1a: Funbro|60/100 brn|[from] brn
|upkeep
|turn|312
|inactive|Kretensky has 15 seconds left this turn.
|inactive|Kretensky has 10 seconds left.
|
|t:|1711946756
|switch|p2a: Gastrodon|Gastrodon, F|94/100
|-damage|p2a: Gastrodon|82/100|[from] Spikes
|move|p1a: Funbro|Slack Off|p1a: Funbro
|-heal|p1a: Funbro|100/100 brn
|
|-heal|p2a: Gastrodon|88/100|[from] item: Leftovers
|-damage|p1a: Funbro|88/100 brn|[from] brn
|upkeep
|turn|313
|inactive|Kretensky has 15 seconds left this turn.
|
|t:|1711946761
|switch|p1a: Iron Mike|Ferrothorn, M, shiny|39/100 brn
|-damage|p1a: Iron Mike|33/100 brn|[from] Stealth Rock
|move|p2a: Gastrodon|Earthquake|p1a: Iron Mike
|-damage|p1a: Iron Mike|14/100 brn
|
|-heal|p2a: Gastrodon|94/100|[from] item: Leftovers
|-heal|p1a: Iron Mike|20/100 brn|[from] item: Leftovers
|-damage|p1a: Iron Mike|7/100 brn|[from] brn
|upkeep
|turn|314
|inactive|Kretensky has 15 seconds left this turn.
|
|t:|1711946764
|move|p2a: Gastrodon|Earthquake|p1a: Iron Mike
|-damage|p1a: Iron Mike|0 fnt
|faint|p1a: Iron Mike
|
|-heal|p2a: Gastrodon|99/100|[from] item: Leftovers
|upkeep
|inactive|Kretensky has 20 seconds left this turn.
|
|t:|1711946769
|switch|p1a: Funbro|Slowbro, M|100/100 brn
|-damage|p1a: Funbro|88/100 brn|[from] Stealth Rock
|turn|315
|inactive|Kretensky has 20 seconds left this turn.
|c|☆Kretensky|first blood
|inactive|Kretensky has 15 seconds left.
|inactive|Kretensky has 10 seconds left.
|
|t:|1711946780
|switch|p1a: Quagyu|Quagsire, M|92/100 tox
|-damage|p1a: Quagyu|86/100 tox|[from] Stealth Rock
|move|p2a: Gastrodon|Earthquake|p1a: Quagyu
|-crit|p1a: Quagyu
|-damage|p1a: Quagyu|57/100 tox
|
|-heal|p2a: Gastrodon|100/100|[from] item: Leftovers
|-heal|p1a: Quagyu|63/100 tox|[from] item: Leftovers
|-damage|p1a: Quagyu|57/100 tox|[from] psn
|upkeep
|turn|316
|inactive|Kretensky has 15 seconds left this turn.
|inactive|Kretensky has 10 seconds left.
|
|t:|1711946787
|switch|p1a: Funbro|Slowbro, M|100/100 brn
|-damage|p1a: Funbro|88/100 brn|[from] Stealth Rock
|move|p2a: Gastrodon|Scald|p1a: Funbro
|-resisted|p1a: Funbro
|-damage|p1a: Funbro|76/100 brn
|
|-heal|p1a: Funbro|82/100 brn|[from] item: Leftovers
|-damage|p1a: Funbro|69/100 brn|[from] brn
|upkeep
|turn|317
|inactive|Kretensky has 10 seconds left this turn.
|
|t:|1711946790
|move|p2a: Gastrodon|Earthquake|p1a: Funbro
|-damage|p1a: Funbro|50/100 brn
|move|p1a: Funbro|Toxic|p2a: Gastrodon
|-status|p2a: Gastrodon|tox
|
|-heal|p1a: Funbro|56/100 brn|[from] item: Leftovers
|-damage|p2a: Gastrodon|94/100 tox|[from] psn
|-damage|p1a: Funbro|44/100 brn|[from] brn
|upkeep
|turn|318
|inactive|Kretensky has 15 seconds left this turn.
|
|t:|1711946795
|switch|p2a: Zapdos|Zapdos|88/100
|-ability|p2a: Zapdos|Pressure
|move|p1a: Funbro|Slack Off|p1a: Funbro
|-heal|p1a: Funbro|94/100 brn
|
|-heal|p2a: Zapdos|94/100|[from] item: Leftovers
|-heal|p1a: Funbro|99/100 brn|[from] item: Leftovers
|-damage|p1a: Funbro|88/100 brn|[from] brn
|upkeep
|turn|319
|inactive|Kretensky has 15 seconds left this turn.
|
|t:|1711946799
|move|p2a: Zapdos|Discharge|p1a: Funbro
|-supereffective|p1a: Funbro
|-damage|p1a: Funbro|16/100 brn
|move|p1a: Funbro|Scald|p2a: Zapdos
|-damage|p2a: Zapdos|66/100
|
|-heal|p2a: Zapdos|72/100|[from] item: Leftovers
|-heal|p1a: Funbro|22/100 brn|[from] item: Leftovers
|-damage|p1a: Funbro|10/100 brn|[from] brn
|upkeep
|turn|320
|inactive|Kretensky has 20 seconds left this turn.
|
|t:|1711946803
|switch|p1a: I savour your hits|Chansey, F|95/100
|-damage|p1a: I savour your hits|82/100|[from] Stealth Rock
|move|p2a: Zapdos|Discharge|p1a: I savour your hits
|-damage|p1a: I savour your hits|71/100
|
|-heal|p2a: Zapdos|78/100|[from] item: Leftovers
|upkeep
|turn|321
|inactive|Kretensky has 20 seconds left this turn.
|inactive|Kretensky has 15 seconds left.
|
|t:|1711946809
|switch|p1a: Quagyu|Quagsire, M|57/100 tox
|-damage|p1a: Quagyu|50/100 tox|[from] Stealth Rock
|move|p2a: Zapdos|Discharge|p1a: Quagyu
|-immune|p1a: Quagyu
|
|-heal|p2a: Zapdos|84/100|[from] item: Leftovers
|-heal|p1a: Quagyu|57/100 tox|[from] item: Leftovers
|-damage|p1a: Quagyu|50/100 tox|[from] psn
|upkeep
|turn|322
|inactive|Kretensky has 20 seconds left this turn.
|
|t:|1711946813
|move|p2a: Zapdos|Defog|p1a: Quagyu
|-unboost|p1a: Quagyu|evasion|1
|-sideend|p1: Kretensky|Stealth Rock|[from] move: Defog|[of] p2a: Zapdos
|-sideend|p2: NtRiver|Spikes|[from] move: Defog|[of] p2a: Zapdos
|move|p1a: Quagyu|Recover|p1a: Quagyu
|-heal|p1a: Quagyu|100/100 tox
|
|-heal|p2a: Zapdos|90/100|[from] item: Leftovers
|-damage|p1a: Quagyu|88/100 tox|[from] psn
|upkeep
|turn|323
|inactive|Kretensky has 20 seconds left this turn.
|inactive|Kretensky has 15 seconds left.
|
|t:|1711946820
|switch|p2a: Chansey|Chansey, F|91/100
|move|p1a: Quagyu|Recover|p1a: Quagyu
|-heal|p1a: Quagyu|100/100 tox
|
|-damage|p1a: Quagyu|82/100 tox|[from] psn
|upkeep
|turn|324
|inactive|Kretensky has 20 seconds left this turn.
|
|t:|1711946822
|move|p2a: Chansey|Stealth Rock|p1a: Quagyu
|-sidestart|p1: Kretensky|move: Stealth Rock
|move|p1a: Quagyu|Earthquake|p2a: Chansey
|-damage|p2a: Chansey|70/100
|
|-heal|p1a: Quagyu|88/100 tox|[from] item: Leftovers
|-damage|p1a: Quagyu|64/100 tox|[from] psn
|upkeep
|turn|325
|inactive|Kretensky has 20 seconds left this turn.
|inactive|Kretensky has 15 seconds left.
|
|t:|1711946827
|switch|p1a: Funbro|Slowbro, M|43/100 brn
|-damage|p1a: Funbro|30/100 brn|[from] Stealth Rock
|move|p2a: Chansey|Seismic Toss|p1a: Funbro
|-damage|p1a: Funbro|5/100 brn
|
|-heal|p1a: Funbro|11/100 brn|[from] item: Leftovers
|-damage|p1a: Funbro|0 fnt|[from] brn
|faint|p1a: Funbro
|upkeep
|inactive|Kretensky has 20 seconds left this turn.
|inactive|Kretensky has 15 seconds left.
|-message|Kretensky forfeited.
|
|win|NtRiver
|inactive|Kretensky has 20 seconds left this turn.
|raw|Kretensky's rating: 1252 &rarr; <strong>1244</strong><br />(-8 for losing)
|raw|NtRiver's rating: 1529 &rarr; <strong>1536</strong><br />(+7 for winning)
|l|☆Kretensky
|player|p1|
|c|☆NtRiver|gg
