|raw|<div class="broadcast-blue"><strong>This battle is required to be public due to a player having a name starting with 'orasz'.</div>
|j|☆radical robert
|j|☆ORASZ Ruffles
|t:|1711946513
|gametype|singles
|player|p1|radical robert|swimmerf|1327
|player|p2|ORASZ Ruffles|benga|1602
|teamsize|p1|6
|teamsize|p2|6
|gen|6
|tier|[Gen 6] OU
|rated|
|rule|Sleep Clause Mod: Limit one foe put to sleep
|rule|Species Clause: Limit one of each Pokémon
|rule|OHKO Clause: OHKO moves are banned
|rule|Moody Clause: Moody is banned
|rule|Evasion Items Clause: Evasion items are banned
|rule|Evasion Moves Clause: Evasion moves are banned
|rule|Endless Battle Clause: Forcing endless battles is banned
|rule|HP Percentage Mod: HP is shown in percentages
|rule|Swagger Clause: Swagger is banned
|clearpoke
|poke|p1|Cloyster, M|item
|poke|p1|Aerodactyl, M|item
|poke|p1|Scizor, M|item
|poke|p1|Weavile, M|item
|poke|p1|Volcarona, M|item
|poke|p1|Thundurus-Therian, M|item
|poke|p2|Gallade, M|item
|poke|p2|Bisharp, F|item
|poke|p2|Manaphy|item
|poke|p2|Volcarona, F|item
|poke|p2|Serperior, M|item
|poke|p2|Landorus-Therian, M|item
|teampreview
|inactive|Battle timer is ON: inactive players will automatically lose when time's up. (requested by radical robert)
|
|t:|1711946532
|start
|switch|p1a: Aerodactyl|Aerodactyl, M|100/100
|switch|p2a: Landorus|Landorus-Therian, M|100/100
|-ability|p2a: Landorus|Intimidate|boost
|-unboost|p1a: Aerodactyl|atk|1
|-ability|p1a: Aerodactyl|Pressure
|turn|1
|
|t:|1711946542
|move|p2a: Landorus|Stealth Rock|p1a: Aerodactyl
|-sidestart|p1: radical robert|move: Stealth Rock
|move|p1a: Aerodactyl|Stealth Rock|p2a: Landorus
|-sidestart|p2: ORASZ Ruffles|move: Stealth Rock
|
|upkeep
|turn|2
|
|t:|1711946548
|switch|p2a: Serperior|Serperior, M|100/100
|-damage|p2a: Serperior|88/100|[from] Stealth Rock
|move|p1a: Aerodactyl|Earthquake|p2a: Serperior
|-resisted|p2a: Serperior
|-damage|p2a: Serperior|80/100
|
|upkeep
|turn|3
|
|t:|1711946558
|move|p1a: Aerodactyl|Double-Edge|p2a: Serperior
|-damage|p2a: Serperior|60/100
|-damage|p1a: Aerodactyl|93/100|[from] Recoil
|move|p2a: Serperior|Leaf Storm|p1a: Aerodactyl
|-damage|p1a: Aerodactyl|43/100
|-boost|p2a: Serperior|spa|2
|
|upkeep
|turn|4
|
|t:|1711946560
|move|p1a: Aerodactyl|Double-Edge|p2a: Serperior
|-damage|p2a: Serperior|41/100
|-damage|p1a: Aerodactyl|36/100|[from] Recoil
|move|p2a: Serperior|Reflect|p2a: Serperior
|-sidestart|p2: ORASZ Ruffles|Reflect
|
|upkeep
|turn|5
|
|t:|1711946563
|move|p1a: Aerodactyl|Double-Edge|p2a: Serperior
|-damage|p2a: Serperior|31/100
|-damage|p1a: Aerodactyl|33/100|[from] Recoil
|move|p2a: Serperior|Leaf Storm|p1a: Aerodactyl
|-damage|p1a: Aerodactyl|0 fnt
|-boost|p2a: Serperior|spa|2
|faint|p1a: Aerodactyl
|
|upkeep
|
|t:|1711946570
|switch|p1a: Scizor|Scizor, M|100/100
|-damage|p1a: Scizor|88/100|[from] Stealth Rock
|turn|6
|
|t:|1711946583
|detailschange|p1a: Scizor|Scizor-Mega, M
|-mega|p1a: Scizor|Scizor|Scizorite
|move|p1a: Scizor|Bullet Punch|p2a: Serperior
|-damage|p2a: Serperior|12/100
|move|p2a: Serperior|Light Screen|p2a: Serperior
|-sidestart|p2: ORASZ Ruffles|move: Light Screen
|
|upkeep
|turn|7
|
|t:|1711946587
|switch|p2a: Landorus|Landorus-Therian, M|100/100
|-damage|p2a: Landorus|88/100|[from] Stealth Rock
|-ability|p2a: Landorus|Intimidate|boost
|-unboost|p1a: Scizor|atk|1
|move|p1a: Scizor|Bullet Punch|p2a: Landorus
|-damage|p2a: Landorus|75/100
|
|upkeep
|turn|8
|
|t:|1711946589
|move|p2a: Landorus|U-turn|p1a: Scizor
|-resisted|p1a: Scizor
|-damage|p1a: Scizor|76/100
|
|t:|1711946590
|switch|p2a: Serperior|Serperior, M|12/100|[from] U-turn
|-damage|p2a: Serperior|0 fnt|[from] Stealth Rock
|faint|p2a: Serperior
|move|p1a: Scizor|Knock Off|p2: Serperior|[notarget]
|-fail|p1a: Scizor
|
|upkeep
|
|t:|1711946592
|switch|p2a: Volcarona|Volcarona, F|100/100
|-damage|p2a: Volcarona|50/100|[from] Stealth Rock
|-enditem|p2a: Volcarona|Sitrus Berry|[eat]
|-heal|p2a: Volcarona|75/100|[from] item: Sitrus Berry
|turn|9
|
|t:|1711946600
|move|p2a: Volcarona|Quiver Dance|p2a: Volcarona
|-boost|p2a: Volcarona|spa|1
|-boost|p2a: Volcarona|spd|1
|-boost|p2a: Volcarona|spe|1
|move|p1a: Scizor|Knock Off|p2a: Volcarona
|-crit|p2a: Volcarona
|-damage|p2a: Volcarona|20/100
|
|upkeep
|turn|10
|
|t:|1711946609
|move|p1a: Scizor|Bullet Punch|p2a: Volcarona
|-resisted|p2a: Volcarona
|-damage|p2a: Volcarona|11/100
|move|p2a: Volcarona|Flamethrower|p1a: Scizor
|-supereffective|p1a: Scizor
|-damage|p1a: Scizor|0 fnt
|faint|p1a: Scizor
|
|upkeep
|j| ORASZ Fakersao
|
|t:|1711946620
|switch|p1a: Volcarona|Volcarona, M|100/100
|-damage|p1a: Volcarona|51/100|[from] Stealth Rock
|turn|11
|
|t:|1711946623
|move|p2a: Volcarona|Flamethrower|p1a: Volcarona
|-damage|p1a: Volcarona|0 fnt
|faint|p1a: Volcarona
|
|-sideend|p2: ORASZ Ruffles|Reflect
|upkeep
|-message|radical robert forfeited.
|
|win|ORASZ Ruffles
|raw|radical robert's rating: 1327 &rarr; <strong>1320</strong><br />(-7 for losing)
|raw|ORASZ Ruffles's rating: 1602 &rarr; <strong>1609</strong><br />(+7 for winning)
|l|☆radical robert
|player|p1|
|l|☆ORASZ Ruffles
|player|p2|
|l| ORASZ Fakersao
