{"id":"gen6ou-2093371006","format":"[Gen 6] OU","players":["orasz thejester","ORASZ Ruffles"],"log":"|raw|<div class=\"broadcast-blue\"><strong>This battle is required to be public due to a player having a name starting with 'orasz'.<\/div>\n|j|\u2606orasz thejester\n|j|\u2606ORASZ Ruffles\n|t:|1711946116\n|gametype|singles\n|player|p1|orasz thejester|101|1366\n|player|p2|ORASZ Ruffles|benga|1604\n|teamsize|p1|6\n|teamsize|p2|6\n|gen|6\n|tier|[Gen 6] OU\n|rated|\n|rule|Sleep Clause Mod: Limit one foe put to sleep\n|rule|Species Clause: Limit one of each Pok\u00e9mon\n|rule|OHKO Clause: OHKO moves are banned\n|rule|Moody Clause: Moody is banned\n|rule|Evasion Items Clause: Evasion items are banned\n|rule|Evasion Moves Clause: Evasion moves are banned\n|rule|Endless Battle Clause: Forcing endless battles is banned\n|rule|HP Percentage Mod: HP is shown in percentages\n|rule|Swagger Clause: Swagger is banned\n|clearpoke\n|poke|p1|Beedrill, F|item\n|poke|p1|Magnezone|item\n|poke|p1|Landorus-Therian, M|item\n|poke|p1|Rotom-Wash|item\n|poke|p1|Tornadus-Therian, M|item\n|poke|p1|Weavile, F|item\n|poke|p2|Gallade, M|item\n|poke|p2|Bisharp, F|item\n|poke|p2|Manaphy|item\n|poke|p2|Volcarona, M|item\n|poke|p2|Serperior, F|item\n|poke|p2|Landorus-Therian, M|item\n|teampreview\n|inactive|Battle timer is ON: inactive players will automatically lose when time's up. (requested by orasz thejester)\n|\n|t:|1711946134\n|start\n|switch|p1a: Landorus|Landorus-Therian, M|100\/100\n|switch|p2a: Landorus|Landorus-Therian, M|100\/100\n|-ability|p2a: Landorus|Intimidate|boost\n|-unboost|p1a: Landorus|atk|1\n|-ability|p1a: Landorus|Intimidate|boost\n|-unboost|p2a: Landorus|atk|1\n|turn|1\n|\n|t:|1711946137\n|move|p2a: Landorus|Stealth Rock|p1a: Landorus\n|-sidestart|p1: orasz thejester|move: Stealth Rock\n|move|p1a: Landorus|Stealth Rock|p2a: Landorus\n|-sidestart|p2: ORASZ Ruffles|move: Stealth Rock\n|\n|upkeep\n|turn|2\n|\n|t:|1711946145\n|switch|p2a: Serperior|Serperior, F|100\/100\n|-damage|p2a: Serperior|88\/100|[from] Stealth Rock\n|move|p1a: Landorus|U-turn|p2a: Serperior\n|-supereffective|p2a: Serperior\n|-damage|p2a: Serperior|58\/100\n|\n|t:|1711946153\n|switch|p1a: Beedrill|Beedrill, F|100\/100|[from] U-turn\n|-damage|p1a: Beedrill|76\/100|[from] Stealth Rock\n|\n|upkeep\n|turn|3\n|\n|t:|1711946159\n|detailschange|p1a: Beedrill|Beedrill-Mega, F\n|-mega|p1a: Beedrill|Beedrill|Beedrillite\n|move|p1a: Beedrill|Protect|p1a: Beedrill\n|-singleturn|p1a: Beedrill|Protect\n|move|p2a: Serperior|Reflect|p2a: Serperior\n|-sidestart|p2: ORASZ Ruffles|Reflect\n|\n|upkeep\n|turn|4\n|inactive|ORASZ Ruffles has 120 seconds left.\n|\n|t:|1711946194\n|switch|p2a: Landorus|Landorus-Therian, M|100\/100\n|-damage|p2a: Landorus|88\/100|[from] Stealth Rock\n|-ability|p2a: Landorus|Intimidate|boost\n|-unboost|p1a: Beedrill|atk|1\n|move|p1a: Beedrill|U-turn|p2a: Landorus\n|-resisted|p2a: Landorus\n|-damage|p2a: Landorus|79\/100\n|\n|t:|1711946206\n|switch|p1a: Rotom|Rotom-Wash|100\/100|[from] U-turn\n|-damage|p1a: Rotom|88\/100|[from] Stealth Rock\n|\n|-heal|p1a: Rotom|94\/100|[from] item: Leftovers\n|upkeep\n|turn|5\n|\n|t:|1711946211\n|move|p2a: Landorus|Explosion|p1a: Rotom\n|-damage|p1a: Rotom|23\/100\n|faint|p2a: Landorus\n|move|p1a: Rotom|Volt Switch|p2: Landorus|[notarget]\n|-fail|p1a: Rotom\n|\n|-heal|p1a: Rotom|29\/100|[from] item: Leftovers\n|upkeep\n|\n|t:|1711946213\n|switch|p2a: Serperior|Serperior, F|58\/100\n|-damage|p2a: Serperior|46\/100|[from] Stealth Rock\n|turn|6\n|\n|t:|1711946222\n|move|p2a: Serperior|Light Screen|p2a: Serperior\n|-sidestart|p2: ORASZ Ruffles|move: Light Screen\n|move|p1a: Rotom|Volt Switch|p2a: Serperior\n|-resisted|p2a: Serperior\n|-damage|p2a: Serperior|40\/100\n|\n|t:|1711946235\n|switch|p1a: Beedrill|Beedrill-Mega, F|76\/100|[from] Volt Switch\n|-damage|p1a: Beedrill|51\/100|[from] Stealth Rock\n|\n|upkeep\n|turn|7\n|\n|t:|1711946239\n|move|p1a: Beedrill|Poison Jab|p2a: Serperior\n|-supereffective|p2a: Serperior\n|-damage|p2a: Serperior|0 fnt\n|faint|p2a: Serperior\n|\n|upkeep\n|\n|t:|1711946244\n|switch|p2a: Bisharp|Bisharp, F|100\/100\n|-damage|p2a: Bisharp|95\/100|[from] Stealth Rock\n|turn|8\n|\n|t:|1711946248\n|move|p1a: Beedrill|Drill Run|p2a: Bisharp\n|-supereffective|p2a: Bisharp\n|-damage|p2a: Bisharp|57\/100\n|move|p2a: Bisharp|Swords Dance|p2a: Bisharp\n|-boost|p2a: Bisharp|atk|2\n|\n|upkeep\n|turn|9\n|\n|t:|1711946259\n|move|p1a: Beedrill|U-turn|p2a: Bisharp\n|-damage|p2a: Bisharp|22\/100\n|\n|t:|1711946262\n|switch|p1a: Landorus|Landorus-Therian, M|100\/100|[from] U-turn\n|-damage|p1a: Landorus|88\/100|[from] Stealth Rock\n|-ability|p1a: Landorus|Intimidate|boost\n|-unboost|p2a: Bisharp|atk|1\n|-ability|p2a: Bisharp|Defiant|boost\n|-boost|p2a: Bisharp|atk|2\n|move|p2a: Bisharp|Knock Off|p1a: Landorus\n|-damage|p1a: Landorus|0 fnt\n|-damage|p2a: Bisharp|5\/100|[from] item: Rocky Helmet|[of] p1a: Landorus\n|-enditem|p1a: Landorus|Rocky Helmet|[from] move: Knock Off|[of] p2a: Bisharp\n|faint|p1a: Landorus\n|\n|upkeep\n|\n|t:|1711946275\n|switch|p1a: Weavile|Weavile, F|100\/100\n|-damage|p1a: Weavile|76\/100|[from] Stealth Rock\n|-ability|p1a: Weavile|Pressure\n|turn|10\n|\n|t:|1711946280\n|move|p1a: Weavile|Ice Shard|p2a: Bisharp\n|-resisted|p2a: Bisharp\n|-damage|p2a: Bisharp|0 fnt\n|faint|p2a: Bisharp\n|\n|-sideend|p2: ORASZ Ruffles|Reflect\n|upkeep\n|\n|t:|1711946286\n|switch|p2a: Volcarona|Volcarona, M|100\/100\n|-damage|p2a: Volcarona|50\/100|[from] Stealth Rock\n|-enditem|p2a: Volcarona|Sitrus Berry|[eat]\n|-heal|p2a: Volcarona|75\/100|[from] item: Sitrus Berry\n|turn|11\n|\n|t:|1711946295\n|switch|p1a: Tornadus|Tornadus-Therian, M|100\/100\n|-damage|p1a: Tornadus|76\/100|[from] Stealth Rock\n|move|p2a: Volcarona|Quiver Dance|p2a: Volcarona\n|-boost|p2a: Volcarona|spa|1\n|-boost|p2a: Volcarona|spd|1\n|-boost|p2a: Volcarona|spe|1\n|\n|upkeep\n|turn|12\n|\n|t:|1711946299\n|move|p2a: Volcarona|Quiver Dance|p2a: Volcarona\n|-boost|p2a: Volcarona|spa|1\n|-boost|p2a: Volcarona|spd|1\n|-boost|p2a: Volcarona|spe|1\n|move|p1a: Tornadus|Hurricane|p2a: Volcarona\n|-supereffective|p2a: Volcarona\n|-damage|p2a: Volcarona|54\/100\n|\n|upkeep\n|turn|13\n|\n|t:|1711946307\n|move|p2a: Volcarona|Flamethrower|p1a: Tornadus\n|-damage|p1a: Tornadus|10\/100\n|-status|p1a: Tornadus|brn\n|move|p1a: Tornadus|Hurricane|p2a: Volcarona|[miss]\n|-miss|p1a: Tornadus|p2a: Volcarona\n|\n|-damage|p1a: Tornadus|0 fnt|[from] brn\n|faint|p1a: Tornadus\n|-sideend|p2: ORASZ Ruffles|move: Light Screen\n|upkeep\n|\n|t:|1711946314\n|switch|p1a: Weavile|Weavile, F|76\/100\n|-damage|p1a: Weavile|51\/100|[from] Stealth Rock\n|-ability|p1a: Weavile|Pressure\n|turn|14\n|\n|t:|1711946317\n|move|p1a: Weavile|Ice Shard|p2a: Volcarona\n|-resisted|p2a: Volcarona\n|-damage|p2a: Volcarona|34\/100\n|move|p2a: Volcarona|Giga Drain|p1a: Weavile\n|-damage|p1a: Weavile|0 fnt\n|-heal|p2a: Volcarona|57\/100|[from] drain|[of] p1a: Weavile\n|faint|p1a: Weavile\n|\n|upkeep\n|-message|orasz thejester forfeited.\n|\n|win|ORASZ Ruffles\n|raw|orasz thejester's rating: 1366 &rarr; <strong>1357<\/strong><br \/>(-9 for losing)\n|raw|ORASZ Ruffles's rating: 1593 &rarr; <strong>1602<\/strong><br \/>(+9 for winning)\n|l|\u2606orasz thejester\n|player|p1|\n|l|\u2606ORASZ Ruffles\n|player|p2|\n|j| ORASZ Fakersao\n|l| ORASZ Fakersao\n","uploadtime":1711946329,"views":0,"formatid":"gen6ou","rating":1357,"private":0,"password":null}