|raw|<div class="broadcast-blue"><strong>This battle is required to be public due to a player having a name starting with 'orasz'.</div>
|j|☆ORASZ Ruffles
|j|☆D1V1DE-Z3R0
|t:|1711945682
|gametype|singles
|player|p1|ORASZ Ruffles|benga|1627
|player|p2|D1V1DE-Z3R0|unknown|1514
|teamsize|p1|6
|teamsize|p2|6
|gen|6
|tier|[Gen 6] OU
|rated|
|rule|Sleep Clause Mod: Limit one foe put to sleep
|rule|Species Clause: Limit one of each Pokémon
|rule|OHKO Clause: OHKO moves are banned
|rule|Moody Clause: Moody is banned
|rule|Evasion Items Clause: Evasion items are banned
|rule|Evasion Moves Clause: Evasion moves are banned
|rule|Endless Battle Clause: Forcing endless battles is banned
|rule|HP Percentage Mod: HP is shown in percentages
|rule|Swagger Clause: Swagger is banned
|clearpoke
|poke|p1|Gallade, M|item
|poke|p1|Bisharp, M|item
|poke|p1|Manaphy|item
|poke|p1|Volcarona, F|item
|poke|p1|Serperior, M|item
|poke|p1|Landorus-Therian, M|item
|poke|p2|Smeargle, F|item
|poke|p2|Lopunny, M|item
|poke|p2|Bisharp, M|item
|poke|p2|Gengar, F|item
|poke|p2|Gliscor, F|item
|poke|p2|Clefable, M|item
|teampreview
|inactive|Battle timer is ON: inactive players will automatically lose when time's up. (requested by ORASZ Ruffles)
|
|t:|1711945699
|start
|switch|p1a: Serperior|Serperior, M|100/100
|switch|p2a: Smeargle|Smeargle, F|100/100
|turn|1
|
|t:|1711945705
|move|p1a: Serperior|Taunt|p2a: Smeargle
|-start|p2a: Smeargle|move: Taunt
|cant|p2a: Smeargle|move: Taunt|Stealth Rock
|
|upkeep
|turn|2
|
|t:|1711945721
|switch|p2a: Bisharp|Bisharp, M|100/100
|move|p1a: Serperior|Reflect|p1a: Serperior
|-sidestart|p1: ORASZ Ruffles|Reflect
|
|upkeep
|turn|3
|
|t:|1711945727
|switch|p1a: Gallade|Gallade, M|100/100
|move|p2a: Bisharp|Knock Off|p1a: Gallade
|-damage|p1a: Gallade|74/100
|-ability|p1a: Gallade|Justified|boost
|-boost|p1a: Gallade|atk|1
|
|upkeep
|turn|4
|
|t:|1711945737
|switch|p2a: Clefable|Clefable, M|100/100
|detailschange|p1a: Gallade|Gallade-Mega, M
|-mega|p1a: Gallade|Gallade|Galladite
|move|p1a: Gallade|Swords Dance|p1a: Gallade
|-boost|p1a: Gallade|atk|2
|
|upkeep
|turn|5
|
|t:|1711945747
|move|p1a: Gallade|Substitute|p1a: Gallade
|-start|p1a: Gallade|Substitute
|-damage|p1a: Gallade|49/100
|move|p2a: Clefable|Moonblast|p1a: Gallade
|-supereffective|p1a: Gallade
|-end|p1a: Gallade|Substitute
|
|upkeep
|turn|6
|
|t:|1711945752
|move|p1a: Gallade|Drain Punch|p2a: Clefable
|-resisted|p2a: Clefable
|-damage|p2a: Clefable|84/100
|-heal|p1a: Gallade|59/100|[from] drain|[of] p2a: Clefable
|move|p2a: Clefable|Moonblast|p1a: Gallade
|-supereffective|p1a: Gallade
|-damage|p1a: Gallade|2/100
|
|-heal|p2a: Clefable|90/100|[from] item: Leftovers
|upkeep
|turn|7
|
|t:|1711945762
|move|p1a: Gallade|Psycho Cut|p2a: Clefable
|-damage|p2a: Clefable|58/100
|move|p2a: Clefable|Wish|p2a: Clefable
|
|-heal|p2a: Clefable|64/100|[from] item: Leftovers
|upkeep
|turn|8
|
|t:|1711945777
|switch|p1a: Landorus|Landorus-Therian, M|100/100
|-ability|p1a: Landorus|Intimidate|boost
|-unboost|p2a: Clefable|atk|1
|move|p2a: Clefable|Calm Mind|p2a: Clefable
|-boost|p2a: Clefable|spa|1
|-boost|p2a: Clefable|spd|1
|
|-heal|p2a: Clefable|100/100|[from] move: Wish|[wisher] Clefable
|upkeep
|turn|9
|
|t:|1711945785
|move|p1a: Landorus|Stealth Rock|p2a: Clefable
|-sidestart|p2: D1V1DE-Z3R0|move: Stealth Rock
|move|p2a: Clefable|Moonblast|p1a: Landorus
|-damage|p1a: Landorus|43/100
|-unboost|p1a: Landorus|spa|1
|
|-sideend|p1: ORASZ Ruffles|Reflect
|upkeep
|turn|10
|inactive|ORASZ Ruffles has 120 seconds left.
|
|t:|1711945818
|switch|p1a: Gallade|Gallade-Mega, M|2/100
|move|p2a: Clefable|Moonblast|p1a: Gallade
|-supereffective|p1a: Gallade
|-damage|p1a: Gallade|0 fnt
|faint|p1a: Gallade
|
|upkeep
|
|t:|1711945819
|switch|p1a: Bisharp|Bisharp, M|100/100
|turn|11
|
|t:|1711945834
|switch|p2a: Gliscor|Gliscor, F|100/100
|-damage|p2a: Gliscor|88/100|[from] Stealth Rock
|move|p1a: Bisharp|Iron Head|p2a: Gliscor
|-damage|p2a: Gliscor|62/100
|
|-status|p2a: Gliscor|tox|[from] item: Toxic Orb
|upkeep
|turn|12
|
|t:|1711945845
|switch|p1a: Landorus|Landorus-Therian, M|43/100
|-ability|p1a: Landorus|Intimidate|boost
|-unboost|p2a: Gliscor|atk|1
|move|p2a: Gliscor|Earthquake|p1a: Landorus
|-immune|p1a: Landorus
|
|-heal|p2a: Gliscor|74/100 tox|[from] ability: Poison Heal
|upkeep
|turn|13
|
|t:|1711945850
|switch|p1a: Serperior|Serperior, M|100/100
|move|p2a: Gliscor|Substitute|p2a: Gliscor
|-start|p2a: Gliscor|Substitute
|-damage|p2a: Gliscor|49/100 tox
|
|-heal|p2a: Gliscor|62/100 tox|[from] ability: Poison Heal
|upkeep
|turn|14
|
|t:|1711945853
|move|p1a: Serperior|Taunt|p2a: Gliscor
|-start|p2a: Gliscor|move: Taunt
|cant|p2a: Gliscor|move: Taunt|Toxic
|
|-heal|p2a: Gliscor|74/100 tox|[from] ability: Poison Heal
|upkeep
|turn|15
|
|t:|1711945860
|switch|p2a: Bisharp|Bisharp, M|100/100
|-damage|p2a: Bisharp|95/100|[from] Stealth Rock
|move|p1a: Serperior|Leaf Storm|p2a: Bisharp
|-resisted|p2a: Bisharp
|-damage|p2a: Bisharp|78/100
|-boost|p1a: Serperior|spa|2
|
|upkeep
|turn|16
|
|t:|1711945866
|move|p1a: Serperior|Reflect|p1a: Serperior
|-sidestart|p1: ORASZ Ruffles|Reflect
|move|p2a: Bisharp|Knock Off|p1a: Serperior
|-damage|p1a: Serperior|73/100
|-enditem|p1a: Serperior|Light Clay|[from] move: Knock Off|[of] p2a: Bisharp
|
|upkeep
|turn|17
|j| chedda getta
|
|t:|1711945878
|move|p1a: Serperior|Leaf Storm|p2a: Bisharp
|-resisted|p2a: Bisharp
|-damage|p2a: Bisharp|45/100
|-boost|p1a: Serperior|spa|2
|move|p2a: Bisharp|Iron Head|p1a: Serperior
|-damage|p1a: Serperior|50/100
|
|upkeep
|turn|18
|
|t:|1711945892
|switch|p2a: Clefable|Clefable, M|100/100
|-damage|p2a: Clefable|88/100|[from] Stealth Rock
|move|p1a: Serperior|Leaf Storm|p2a: Clefable
|-damage|p2a: Clefable|55/100
|-boost|p1a: Serperior|spa|2
|
|-heal|p2a: Clefable|61/100|[from] item: Leftovers
|upkeep
|turn|19
|
|t:|1711945900
|move|p1a: Serperior|Taunt|p2a: Clefable
|-start|p2a: Clefable|move: Taunt
|move|p2a: Clefable|Moonblast|p1a: Serperior
|-damage|p1a: Serperior|21/100
|
|-heal|p2a: Clefable|67/100|[from] item: Leftovers
|upkeep
|turn|20
|
|t:|1711945907
|move|p1a: Serperior|Light Screen|p1a: Serperior
|-sidestart|p1: ORASZ Ruffles|move: Light Screen
|move|p2a: Clefable|Moonblast|p1a: Serperior
|-damage|p1a: Serperior|5/100
|
|-heal|p2a: Clefable|73/100|[from] item: Leftovers
|upkeep
|turn|21
|
|t:|1711945916
|move|p1a: Serperior|Leaf Storm|p2a: Clefable
|-damage|p2a: Clefable|39/100
|move|p2a: Clefable|Moonblast|p1a: Serperior
|-damage|p1a: Serperior|0 fnt
|faint|p1a: Serperior
|
|-heal|p2a: Clefable|45/100|[from] item: Leftovers
|-end|p2a: Clefable|move: Taunt
|upkeep
|
|t:|1711945918
|switch|p1a: Bisharp|Bisharp, M|100/100
|turn|22
|
|t:|1711945940
|switch|p2a: Smeargle|Smeargle, F|100/100
|-damage|p2a: Smeargle|88/100|[from] Stealth Rock
|move|p1a: Bisharp|Swords Dance|p1a: Bisharp
|-boost|p1a: Bisharp|atk|2
|
|upkeep
|turn|23
|
|t:|1711945945
|move|p2a: Smeargle|Spore|p1a: Bisharp
|-status|p1a: Bisharp|slp|[from] move: Spore
|cant|p1a: Bisharp|slp
|
|-sideend|p1: ORASZ Ruffles|Reflect
|upkeep
|turn|24
|
|t:|1711945960
|switch|p2a: Lopunny|Lopunny, M|100/100
|-damage|p2a: Lopunny|88/100|[from] Stealth Rock
|switch|p1a: Volcarona|Volcarona, F|100/100
|
|-sideend|p1: ORASZ Ruffles|move: Light Screen
|upkeep
|turn|25
|
|t:|1711945969
|switch|p1a: Landorus|Landorus-Therian, M|43/100
|-ability|p1a: Landorus|Intimidate|boost
|-unboost|p2a: Lopunny|atk|1
|detailschange|p2a: Lopunny|Lopunny-Mega, M
|-mega|p2a: Lopunny|Lopunny|Lopunnite
|move|p2a: Lopunny|Frustration|p1a: Landorus
|-damage|p1a: Landorus|0 fnt
|faint|p1a: Landorus
|
|upkeep
|
|t:|1711945973
|switch|p1a: Volcarona|Volcarona, F|100/100
|turn|26
|
|t:|1711945989
|move|p2a: Lopunny|Frustration|p1a: Volcarona
|-damage|p1a: Volcarona|41/100
|-status|p2a: Lopunny|brn|[from] ability: Flame Body|[of] p1a: Volcarona
|-enditem|p1a: Volcarona|Sitrus Berry|[eat]
|-heal|p1a: Volcarona|66/100|[from] item: Sitrus Berry
|move|p1a: Volcarona|Quiver Dance|p1a: Volcarona
|-boost|p1a: Volcarona|spa|1
|-boost|p1a: Volcarona|spd|1
|-boost|p1a: Volcarona|spe|1
|
|-damage|p2a: Lopunny|76/100 brn|[from] brn
|upkeep
|turn|27
|
|t:|1711946001
|move|p1a: Volcarona|Quiver Dance|p1a: Volcarona
|-boost|p1a: Volcarona|spa|1
|-boost|p1a: Volcarona|spd|1
|-boost|p1a: Volcarona|spe|1
|move|p2a: Lopunny|Frustration|p1a: Volcarona
|-damage|p1a: Volcarona|37/100
|
|-damage|p2a: Lopunny|64/100 brn|[from] brn
|upkeep
|turn|28
|
|t:|1711946004
|move|p1a: Volcarona|Giga Drain|p2a: Lopunny
|-damage|p2a: Lopunny|0 fnt
|-heal|p1a: Volcarona|65/100|[from] drain|[of] p2a: Lopunny
|faint|p2a: Lopunny
|
|upkeep
|
|t:|1711946016
|switch|p2a: Clefable|Clefable, M|45/100
|-damage|p2a: Clefable|33/100|[from] Stealth Rock
|turn|29
|
|t:|1711946019
|move|p2a: Clefable|Protect|p2a: Clefable
|-singleturn|p2a: Clefable|Protect
|move|p1a: Volcarona|Flamethrower|p2a: Clefable
|-activate|p2a: Clefable|move: Protect
|
|-heal|p2a: Clefable|39/100|[from] item: Leftovers
|upkeep
|turn|30
|
|t:|1711946024
|move|p1a: Volcarona|Flamethrower|p2a: Clefable
|-damage|p2a: Clefable|0 fnt
|faint|p2a: Clefable
|
|upkeep
|
|t:|1711946029
|switch|p2a: Bisharp|Bisharp, M|45/100
|-damage|p2a: Bisharp|39/100|[from] Stealth Rock
|turn|31
|
|t:|1711946036
|move|p2a: Bisharp|Sucker Punch|p1a: Volcarona
|-damage|p1a: Volcarona|0 fnt
|faint|p1a: Volcarona
|
|upkeep
|
|t:|1711946040
|switch|p1a: Manaphy|Manaphy|100/100
|turn|32
|
|t:|1711946052
|move|p1a: Manaphy|Surf|p2a: Bisharp
|-damage|p2a: Bisharp|2/100
|move|p2a: Bisharp|Knock Off|p1a: Manaphy
|-damage|p1a: Manaphy|50/100
|-enditem|p1a: Manaphy|Leftovers|[from] move: Knock Off|[of] p2a: Bisharp
|
|upkeep
|turn|33
|
|t:|1711946058
|move|p2a: Bisharp|Sucker Punch|p1a: Manaphy
|-damage|p1a: Manaphy|11/100
|move|p1a: Manaphy|Surf|p2a: Bisharp
|-damage|p2a: Bisharp|0 fnt
|faint|p2a: Bisharp
|
|upkeep
|
|t:|1711946066
|switch|p2a: Gengar|Gengar, F|100/100
|-damage|p2a: Gengar|88/100|[from] Stealth Rock
|turn|34
|inactive|ORASZ Ruffles has 120 seconds left.
|
|t:|1711946104
|switch|p1a: Bisharp|Bisharp, M|100/100 slp
|move|p2a: Gengar|Focus Blast|p1a: Bisharp
|-supereffective|p1a: Bisharp
|-damage|p1a: Bisharp|0 fnt
|faint|p1a: Bisharp
|
|upkeep
|-message|ORASZ Ruffles forfeited.
|
|win|D1V1DE-Z3R0
|raw|ORASZ Ruffles's rating: 1604 &rarr; <strong>1579</strong><br />(-25 for losing)
|raw|D1V1DE-Z3R0's rating: 1514 &rarr; <strong>1539</strong><br />(+25 for winning)
|l|☆ORASZ Ruffles
|player|p1|
|l|☆D1V1DE-Z3R0
|player|p2|
